1733 3076
281 89 364 146 366
507 85 555 128 P.
580 85 809 128 mem
830 81 1063 123 MARoNrs
1088 81 1366 128 GEORGICA.
1460 86 1559 130 Lib.
1581 103 1625 144 4.
1685 0 1724 150 ἓ

275 194 365 233 Aut
386 192 525 232 eadem
550 189 655 230 fidus
678 187 843 242 fugiens
864 187 937 227 ubi
958 186 1088 227 Piscis
1108 187 1246 242 aquosi

275 265 460 306 Tristior
482 263 672 303 hibernas
689 259 806 300 caelo
827 257 1036 298 descendit
1057 258 1100 298 in
1123 259 1267 300 undas.
1508 297 1515 299 .
1543 277 1625 322 235

274 338 368 378 Illis
392 338 450 376 ira
470 335 641 375 modurn
663 334 783 386 supra
803 331 874 382 est,
906 330 1116 384 laesaeque
1138 345 1341 374 venenum

273 407 484 450 Morfibus
508 406 725 461 inspirant,
757 413 799 446 et
820 401 978 456 spicula
998 417 1120 443 caeca
1141 403 1389 460 relinquunt

274 477 452 522 Adfixae'
473 480 607 531 venis,
640 479 879 532 animasque
899 476 943 516 in
964 474 1135 516 volnera
1157 487 1334 530 ponunt.

277 552 353 594 Sin
375 552 519 592 duram
539 560 699 592 metues
720 551 917 601 hiemem,
952 548 1173 604 parcesque
1195 550 1355 602 futuro,

275 626 567 679 Contusosque
589 624 768 674 animos,
800 633 842 664 et
862 638 925 664 res
947 623 1188 663 miserabere
1210 622 1385 674 fracta85
1547 636 1634 679 240>

274 700 337 743 At
360 699 490 740 suffire
512 698 674 754 thymo,
706 698 900 753 cerasque
921 697 1098 738 recidere
1124 697 1259 737 inanis

275 773 388 827 QiS
410 772 572 812 dubitet
591 771 605 811 ?
640 786 736 813 nam
760 772 874 826 saepe
895 771 1011 812 favos
1034 772 1204 828 ignotus
1227 769 1365 811 adedit

276 844 443 897 Stellio,
475 830 676 900 lucifugis
698 843 893 901 congesta
913 844 1070 887 cubilia
1093 843 1237 885 blattis
1257 856 1268 883 :

275 917 554 973 Inmunisque
576 918 716 959 sedens
737 917 873 958 aliena
891 916 941 957 ad
963 915 1116 971 pabula
1136 915 1278 964 fucus,

276 992 369 1033 Aut
390 992 502 1046 asper
521 992 668 1033 crabro
690 991 907 1045 inparibus
930 989 967 1030 se
988 988 1203 1030 inmiscuit
1223 988 1346 1028 armis
1365 1006 1379 1038 ;
1545 1001 1629 1044 245

276 1067 369 1109 Aut
390 1067 526 1107 dirum
546 1067 680 1107 tineae
701 1079 849 1121 genus,
881 1072 953 1104 aut
975 1062 1107 1104 invisa
1127 1059 1349 1103 Minervae

277 1138 421 1181 Laxos
443 1140 488 1179 in
510 1138 669 1179 foribus
692 1134 900 1189 suspendit
919 1148 1066 1174 aranea
1087 1132 1226 1189 caffes.

277 1213 380 1269 Qo
401 1213 532 1268 magis
549 1208 767 1252 exhaustae
787 1207 960 1258 fuerint,
992 1207 1073 1248 hoc
1094 1207 1232 1247 aerius
1253 1220 1399 1247 omnes

276 1285 534 1328 incumbent
552 1284 713 1341 generis
734 1280 835 1337 lapfi
857 1280 1005 1321 sarcire
1026 1280 1186 1331 ruinas,

279 1359 638 1415 Conplebuntque
661 1359 792 1408 foros,
823 1364 864 1396 et
885 1355 1056 1396 fioribus
1076 1355 1222 1395 horrea
1241 1363 1399 1395 texent.
1553 1367 1636 1409 250

281 1431 326 1472 Si
347 1446 445 1473 vero
469 1431 690 1486 (quoniam
711 1430 826 1470 casus
848 1430 993 1484 apibus
1018 1443 1187 1484 quoque
1208 1427 1365 1469 nostros

279 1505 385 1546 Vita
406 1504 528 1559 tulit)
553 1504 655 1545 tristi
678 1503 943 1560 languebunt
965 1517 1137 1555 corpora
1157 1503 1323 1552 morbo,

280 1578 411 1634 QOd
427 1580 517 1636 jam
537 1593 624 1619 non
645 1577 784 1618 dubiis
806 1576 961 1631 poteris
983 1575 1232 1631 cognoscere
1253 1573 1378 1630 signis
1397 1593 1409 1624 3

282 1651 507 1692 Continuo
527 1651 583 1691 est
606 1651 740 1706 aegris
762 1650 871 1691 alius
895 1649 1038 1691 color:
1072 1648 1238 1690 horrida
1259 1648 1424 1689 voltum

282 1723 507 1765 Deformat
527 1723 679 1763 macies
698 1738 706 1762 :
742 1732 832 1764 tum
855 1737 1032 1777 corpora
1047 1722 1143 1763 luce
1164 1731 1380 1762 carentum
1557 1732 1580 1761 2
1586 1732 1608 1773 5
1614 1730 1638 1772 5

282 1796 522 1850 Exportant
543 1795 681 1846 tectis,
714 1809 761 1835 ac
784 1794 912 1836 tristia
934 1796 1080 1836 funera
1103 1794 1266 1835 ducunt
1287 1808 1296 1833 τ

284 1871 376 1910 Aut
397 1870 491 1910 illae
512 1870 686 1924 pedibus
706 1883 921 1911 connexae
943 1868 992 1908 ad
1014 1868 1162 1908 limina
1184 1867 1382 1922 pendent,

284 1945 376 1984 Aut
397 1944 510 1984 intus
533 1941 679 1984 clausis
700 1942 952 1983 cunctantur
971 1942 1015 1982 in
1037 1941 1209 1982 aedibus
1230 1954 1393 1990 ornnes,

285 2017 551 2073 Ignavaeque
574 2017 681 2057 fame
702 2025 745 2057 et
766 2014 983 2056 contra8m
1005 2016 1159 2070 frigore
1181 2015 1336 2069 pigrae,

286 2090 409 2130 Tum
433 2091 555 2131 sonus
578 2088 745 2129 auditur
766 2089 947 2144 gravior,
979 2087 1229 2142 traEtimque
1250 2086 1460 2127 susurrant
1480 2117 1487 2123 .
1561 2082 1644 2126 260

287 2162 484 2219 Frigidus
508 2173 553 2203 ut
576 2162 789 2217 quondam
811 2161 922 2203 silvis
943 2163 1223 2203 inmurmurat
1244 2159 1400 2199 auster:

289 2235 353 2275 Ut
375 2234 733 2281 mareffsollicitum
753 2233 888 2276 stridit
908 2234 1178 2276 refluentibus
1200 2231 1350 2281 undis;

287 2309 460 2351 Aestuat
481 2319 530 2351 ut
550 2305 696 2350 clausis
716 2307 884 2362 rapidus
906 2307 1146 2350 fornacibus
1169 2305 1293 2362 ignis.

346 2531 433 2569 279.
465 2496 689 2567 Die—upon]
747 2516 782 2552 It
813 2513 843 2551 is
877 2511 952 2551 said
980 2520 1021 2550 to
1050 2510 1097 2548 be
1120 2506 1297 2559 avulgar
1314 2517 1431 2549 error,
1462 2505 1544 2542 that
1562 2503 1648 2541 bees

291 2570 365 2609 lose
388 2570 485 2608 their
506 2570 597 2607 lives
619 2569 712 2606 with
732 2566 829 2605 their
850 2565 976 2616 stings.

347 2627 435 2661 280.
469 2623 643 2672 ll'inter.]
684 2622 746 2658 He
768 2633 850 2658 now
872 2616 1050 2670 proceeds
1071 2614 1262 2666 regularly
1288 2621 1326 2650 to
1343 2610 1409 2648 tell
1428 2624 1483 2655 us,
1507 2611 1591 2647 how
1612 2619 1650 2647 to

292 2671 454 2726 manage
478 2677 578 2713 those
600 2676 704 2712 hives
725 2674 764 2711 in
792 2672 915 2710 which
949 2671 1012 2708 the
1038 2669 1161 2717 honey
1190 2667 1220 2704 is
1249 2664 1319 2702 left
1348 2663 1404 2701 for
1428 2662 1650 2715 supporting

294 2729 356 2766 the
378 2727 463 2764 bees
486 2729 646 2779 through
672 2727 733 2763 the
756 2726 904 2769 winter,
935 2723 1010 2760 and
1031 2719 1197 2758 likewise
1216 2727 1452 2756 enumerates
1473 2718 1534 2756 the
1563 2727 1649 2766 par-

293 2780 430 2819 ticular
449 2781 612 2825 rei-min,
644 2779 718 2817 and
739 2779 898 2831 plagues
919 2776 1001 2815 that
1020 2773 1130 2813 infest
1149 2773 1267 2811 them.
