1733 3076
176 110 227 152 P.
241 105 414 150 VIRG.
433 103 595 148 VITA
612 103 727 148 PER
745 101 899 146 ΑΝΝ.
918 100 1173 146 DIGEST.
1313 111 1369 162 gi

29 215 183 260 Andino
214 213 320 264 vico,
353 212 494 266 inquit
525 209 711 261 Probus,
744 210 809 265 qui
847 209 946 264 abest
977 222 1004 249 a
1029 206 1208 249 Mantua
1240 207 1367 251 millia

23 288 197 345 paſjitum
219 285 301 327 III.
365 282 478 324 Situs
514 283 637 323 huius
671 282 754 322 vici
790 282 974 322 incertus
1005 280 1075 321 est.
1135 279 1366 322 Mantuani

29 371 167 402 tamen
183 373 278 399 eum
295 356 370 398 effe
391 355 675 403 contendunt,
698 354 768 407 qui
791 367 906 393 nunc
927 353 1009 394 duo
1030 352 1161 394 millia
1181 352 1367 407 paffuum

29 434 79 474 ab
102 432 199 474 vrbe
230 431 410 481 dissuas,
440 427 569 482 vulgo
594 423 749 464 dicitur
784 422 943 463 Petolo.
978 439 1017 464 v.
1049 424 1228 467 ‚Cluven
1266 425 1364 467 Ital.

27 512 114 545 ant.
138 518 178 557 p.
202 515 298 558 257.
337 501 402 542 Ex
421 512 532 540 more
553 507 690 538 tamen
714 495 807 536 satis
825 495 1033 549 frequenti
1056 497 1164 538 inter
1181 508 1363 550 veteres,

26 575 76 616 de
95 590 181 630 quo
200 574 261 616 vel
287 569 445 614 Catulli
467 568 657 623 exemplo
683 566 867 618 constat,
903 568 1002 622 qui,
1039 568 1083 609 in
1118 569 1251 610 insula
1281 571 1365 612 Be-

26 648 122 689 naci
144 646 348 689 Sirmione
369 653 513 694 natus,
546 640 795 682 Veronenfis
816 640 1070 695 appellatur,
1095 640 1265 697 Virgilii
1279 644 1365 684 ori-

27 721 144 776 gines
180 719 228 760 ad
254 717 478 759 Mantuam
506 714 632 768 ipsam
662 713 922 764 referuntur,
953 722 998 754 vt
1034 713 1085 753 ab
1120 713 1207 766 ipso
1246 723 1366 768 poeta

29 793 182 834 fa&um
202 790 275 832 esse
295 790 457 831 videtur
479 786 563 829 Ge.
588 783 682 836 III,
720 798 784 827 10.
818 785 897 824 alia
918 784 1094 825 aliorum
1115 785 1207 825 loca
1229 802 1269 827 v.
1295 802 1360 843 ap.

27 863 200 905 Cluuer.
233 863 262 903 l.
290 862 320 903 l.
358 861 536 905 Venetum
556 857 735 913 appellat
748 855 854 910 apud
873 854 1142 898 Macrobium
1164 857 1364 915 Euange-

27 936 116 987 lus,
150 936 235 977 Sat.
255 935 315 986 V,
339 948 378 977 2.
403 934 467 974 sed
489 946 586 973 cum
610 929 815 979 irrifione‚
847 938 893 969 vt
915 928 1072 969 scilicet
1093 937 1211 971 tanto
1229 933 1361 987 magis

24 1021 118 1048 eum
156 1021 179 1047 a
211 1005 331 1046 cultu
372 1003 628 1046 Graecarum
665 1002 900 1043 litterarum
940 1000 1121 1042 alienum
1156 1001 1364 1058 fingeret3

24 1077 99 1120 nisi
121 1078 342 1119 secundum
360 1077 587 1132 posterioris
605 1074 806 1116 Venetiae
831 1072 933 1115 fines
950 1073 1108 1115 dierum
1128 1075 1331 1116 existimes
1347 1107 1363 1128 ‚

24 1151 96 1206 qui
132 1151 180 1191 ad
210 1151 407 1191 Adduum
446 1151 572 1205 vsque
605 1149 760 1189 flumen
792 1147 1136 1188 extendebantur.
1199 1147 1360 1189 Phocas

25 1217 336 1262 Grammaticus
359 1221 401 1259 in
425 1219 527 1260 Vita
543 1220 699 1275 Virgil.
724 1233 791 1262 21.
827 1219 960 1263 Vatem
990 1221 1196 1277 Etruscum
1217 1222 1360 1275 appel-

23 1292 98 1341 lat,
120 1303 160 1332 et
175 1308 214 1333 v.
234 1304 273 1346 5.
299 1291 458 1333 Aemula
477 1290 687 1347 Virgilium
700 1293 810 1334 tellus
825 1293 898 1348 nist
911 1292 1032 1349 Tusca
1050 1294 1214 1350 dediffit.
1238 1293 1363 1336 Poffit

24 1365 64 1406 id
85 1365 132 1405 ad
158 1366 337 1421 origines
359 1364 562 1407 Mantuae
582 1366 722 1407 referri
733 1384 747 1417 3
771 1365 836 1406 sed
857 1366 928 1406 vix
949 1374 1033 1406 tam
1049 1366 1165 1407 d06’te
1187 1367 1360 1409 scribere

23 1436 155 1478 voluit
175 1435 348 1479 Phocas.

79 1507 148 1550 De
175 1508 314 1551 Idibus
338 1508 515 1551 O&0br.
538 1524 623 1550 non
640 1509 763 1550 modo
779 1524 830 1551 ex
857 1509 1090 1566 Phlegonte
1112 1512 1140 1551 l.
1160 1512 1188 1551 l.
1217 1526 1358 1553 verum

19 1580 144 1620 etiam
165 1595 215 1621 ex
235 1581 430 1622 Martiale
458 1580 567 1632 XII,
600 1583 668 1626 68,
704 1581 886 1625 constat:
921 1582 1102 1623 Ociobres
1128 1582 1253 1624 Maro
1274 1601 1360 1625 con-

9 1651 184 1708 secrauit
208 1655 309 1695 Idus.
372 1656 490 1696 Adde
513 1655 674 1696 Auson.
702 1653 826 1709 Idyll.
851 1654 911 1705 V,
944 1656 1011 1697 26.
1075 1656 1114 1695 A
1139 1656 1236 1697 viris
1257 1656 1360 1697 doc-

21 1722 74 1762 tis
104 1737 170 1763 eas
192 1725 299 1764 inter
328 1725 411 1765 dies
433 1725 552 1767 festos
585 1727 744 1766 habitas
777 1725 911 1775 fuiffe,
943 1740 1040 1767 cum
1070 1741 1120 1767 ex
1142 1727 1227 1768 illis
1256 1728 1361 1769 locis

19 1805 209 1848 apparet,
236 1804 324 1836 tum
340 1795 430 1837 Silii
446 1796 585 1838 Italici
600 1797 791 1852 exemplo
803 1797 910 1852 apud
924 1796 1034 1838 Plin.
1051 1797 1181 1853 Epist.
1202 1798 1294 1851 III,
1320 1815 1360 1856 7.

18 1866 176 1907 multum
203 1867 341 1922 vbique
355 1891 409 1923 χ-
426 1870 660 1923 imaginum,
693 1887 785 1926 quas
809 1887 880 1911 non
900 1870 1061 1912 hahebat
1080 1874 1205 1923 modo,
1224 1889 1359 1914 verum

19 1938 132 1979 etiam
159 1942 451 1991 venerabatur·²
482 1943 646 1997 Virgilii
681 1954 770 1986 ante
804 1960 948 1994 omneS,
981 1946 1087 1986 cuius
1107 1946 1272 1987 natalem
1293 1962 1357 1987 re·

19 2008 181 2064 ligicfius
211 2027 321 2065 quam
341 2012 457 2069 suum
484 2015 707 2057 celebrabat.
768 2015 932 2056 Natum
969 2015 1228 2072 Virgilium,
1261 2032 1359 2058 cum

21 2078 89 2120 Sol
120 2096 170 2122 ex
194 2082 369 2139 Virgine
405 2086 447 2126 in
487 2085 641 2130 Chelas
677 2097 867 2142 receptus
901 2087 1020 2138 esset,
1054 2082 1111 2128 11.Ἰ
1134 2090 1178 2130 in
1218 2090 1359 2131 locum

20 2150 170 2193 Librae
190 2154 381 2210 deinceps
403 2159 647 2201 destinatum
663 2191 675 2211 ‚
708 2160 866 2204 Phocas
887 2177 926 2202 v.
953 2175 1020 2204 21.
1041 2176 1108 2204 22.
1140 2172 1354 2204 memorat.

18 2225 198 2280 Augusti
221 2242 320 2268 aeuo
348 2229 417 2270 Sol
444 2228 613 2272 Libram
641 2233 778 2273 adibat
800 2234 900 2275 Kal.
926 2233 1016 2275 XII
1044 2234 1221 2275 Odiobr.

73 2295 143 2338 De
182 2299 380 2353 scriptura
416 2303 597 2343 nominis
643 2304 858 2358 digladiati
903 2306 999 2346 sunt
1044 2307 1151 2346 inter
1186 2306 1223 2346 se
1259 2321 1356 2348 cum

16 2377 169 2411 veteres
191 2381 280 2411 tum
308 2376 551 2415 recentiores
573 2373 868 2417 Grammatici.
930 2376 1108 2431 Lapides
1129 2385 1171 2418 et
1190 2380 1360 2421 codices>

18 2451 237 2497 Vtrumque
270 2447 484 2486 exh1bent.
547 2447 686 2488 Etiam
709 2447 863 2490 Graeci
887 2450 1007 2490 modo
1028 2453 1210 2502 Οὐιςγὶλιος
1231 2453 1354 2493 modo

18 2515 200 2564 Οὗέξγῖλιος
231 2518 444 2558 scribunt:
489 2529 530 2560 et
572 2521 791 2576 Vergilius,
824 2522 1069 2574 Nlediceus,
1102 2523 1226 2565 Pierii
1262 2524 1353 2566 Ro-

15 2598 161 2626 manus
176 2617 187 2637 ‚
210 2598 250 2628 et
269 2589 574 2633 vetustiffimum
602 2593 769 2650 Fragm.
794 2595 917 2649 Aspsi
942 2597 1046 2650 apud
1063 2596 1353 2639 Benedicstinos

18 2656 152 2698 Nouv.
178 2659 248 2701 Tr.
271 2662 315 2702 de
341 2663 565 2716 Diplssman
582 2665 642 2706 T.
667 2665 752 2706 III.
777 2683 815 2720 p.
844 2679 936 2721 152.
999 2668 1199 2710 Ceterum
1235 2671 1372 2721 vide,>

16 2727 45 2769 si
86 2735 189 2773 tanti
228 2734 307 2785 est,
355 2734 527 2778 Corrad.
561 2738 606 2779 in
651 2738 748 2780 Vita
787 2739 957 2795 Virgilii
994 2756 1055 2794 pr.
1098 2743 1199 2783 adde
1245 2758 1350 2797 quos

1213 2815 1354 2856 laudat
