1733 3076
297 122 437 166 PER
489 111 1181 176 ANNosDIGEsa-A.
1358 115 1432 171 37,

607 224 664 265 V.
699 223 753 265 C.
787 238 884 280 713.

224 296 276 338 P.
301 296 490 338 Seruilius
511 296 630 339 Vatia
651 297 847 354 Istzuricus
869 295 927 336 II.
990 293 1041 336 L.
1066 290 1268 333 Antonius.

467 386 506 410 a.
537 370 584 410 C.
613 382 683 421 41.
747 367 912 421 Virgilii
936 367 1001 415 }}.

134 454 396 501 ORauianus
435 453 585 495 Caesar
625 453 806 495 Romam
840 456 1025 495 reuersus
1070 454 1171 494 dum
1212 450 1416 494 veteranis

74 529 257 583 praemia
291 527 520 582 persoluere
556 541 709 581 eosque
744 527 787 567 in
820 541 937 582 agros
967 526 1241 580 municipales
1272 524 1418 565 Italiae

77 616 102 642 a
134 601 396 642 Triumviris
423 600 635 654 promissos
669 599 867 639 deducere
893 599 1097 649 instituit,
1130 599 1320 653 ingentes
1348 610 1419 650 per

78 671 245 714 Italiam
283 673 448 722 turbas,
481 673 631 726 partim
669 687 838 724 eorum,
872 674 944 727 qui
984 671 1290 727 poss‘effionibus
1339 670 1420 710 suis

77 746 370 795 eiiciebantur,
403 745 715 800 indignatione,
747 746 897 800 partim
928 744 1110 785 militum
1131 740 1275 782 effreni
1298 741 1423 795 cupi-

79 817 207 858 ditate
246 828 290 858 et
327 818 529 868 audacia,
573 818 621 858 de
658 833 740 873 qua
783 833 823 858 v.
864 818 1052 871 Appian.
1093 831 1134 869 p·
1181 815 1287 857 1082
1329 814 1420 868 sqq.

80 889 267 931 Dionem
296 888 406 930 Cass.
441 889 643 940 XLVII,
680 905 745 946 17.
779 889 952 930 excitari
989 888 1114 928 videt.
1178 885 1276 939 Qa
1307 886 1354 925 de
1381 900 1423 926 re

79 976 120 1001 v.
151 961 463 1015 Argumentum
493 959 587 1000 Ecl.
621 960 657 1001 I.
719 960 930 1002 Latiflime
951 969 1088 1000 autern
1116 958 1331 1000 calamitas
1354 957 1427 998 illa

78 1040 121 1072 et
148 1031 197 1071 ad
220 1031 550 1085 quamplurimos
573 1035 779 1086 pertinere
817 1033 987 1083 debuit,
1020 1032 1306 1085 maximaeque
1338 1031 1426 1071 for-

80 1115 279 1147 tunarum
309 1103 597 1145 conuerfiones
633 1106 826 1147 videntur
853 1104 929 1145 effe
961 1105 1226 1159 insequutae,
1259 1103 1364 1144 vnde
1385 1113 1429 1145 et

81 1176 297 1216 Antonius
320 1176 427 1230 apud
458 1177 701 1230 Appianum
733 1193 772 1231 p.
803 1190 908 1233 1075
940 1177 1074 1217 dicere
1096 1177 1258 1231 potuit,
1292 1175 1436 1218 O&a-'

82 1247 255 1287 uianum
296 1247 340 1287 in
383 1245 549 1287 Italiam
581 1248 674 1299 iffe,
723 1248 751 1289 fi
786 1263 848 1289 res
885 1248 1059 1289 dicenda
1098 1246 1171 1298 fit,
1215 1257 1430 1302 tamquam

83 1334 250 1360 omnem
272 1318 437 1360 Italiam
454 1320 614 1362 sedibus
634 1322 714 1363 suis
728 1331 990 1373 emoturum,
1013 1322 1439 1368 &variemu-rkv'lwaiav(

86 1389 175 1433 Vix
208 1393 320 1433 enirn
352 1391 409 1432 est
429 1407 480 1433 ex
508 1408 555 1433 ea
575 1403 707 1434 aetate
730 1403 873 1449 poeta,
906 1405 979 1435 aut
1010 1395 1208 1450 scriptor,
1242 1396 1314 1451 qui
1345 1411 1431 1438 non

86 1465 298 1504 communi
332 1464 447 1505 clade
487 1466 684 1506 affliff'tum
722 1467 758 1506 se
800 1478 1014 1509 memoret,
1097 1468 1210 1509 Hinc
1258 1467 1434 1509 Tibulli

81 1538 184 1594 felix
215 1539 423 1593 quondam,
456 1554 554 1579 nunc
583 1549 732 1594 pauper
763 1541 879 1593 ager,
913 1538 958 1590 I,
986 1555 1031 1591 1,
1069 1556 1118 1597 19
1137 1565 1155 1572 -
1175 1555 1242 1598 23.
1267 1542 1323 1581 cf.
1348 1539 1434 1592 IV,

91 1623 131 1660 1,
168 1612 393 1666 183-190.
457 1609 693 1664 Propertius
730 1611 777 1650 de
815 1613 851 1651 se
886 1610 969 1661 IV,
1011 1626 1058 1661 1,
1092 1626 1185 1668 129.
1226 1611 1334 1653 IVam
1369 1622 1438 1653 tua

86 1698 169 1723 eum
189 1683 304 1723 multi
333 1684 533 1739 versarent
566 1699 667 1724 rura
702 1684 878 1735 iuuenci,
911 1684 1082 1740 Abstulit
1101 1684 1268 1724 excultas
1287 1685 1439 1738 pertica

86 1755 210 1811 tristis
228 1765 324 1809 opes.
386 1753 582 1796 Valerius
605 1754 715 1797 Cato
735 1757 778 1796 in
802 1755 918 1797 Diris
940 1771 981 1797 v.
1004 1769 1074 1811 45.
1137 1757 1320 1806 Pertica,
1345 1772 1440 1811 quae

88 1828 225 1883 nqstris
245 1837 388 1869 metata
410 1829 461 1884 qst
480 1829 602 1883 impia
621 1830 771 1883 agellos.
835 1827 956 1870 Dum
984 1828 1162 1879 Fuluia,
1196 1826 1263 1868 M.
1297 1828 1438 1868 Anto-

90 1900 150 1940 nii
171 1914 297 1950 vxor,
329 1900 589 1941 coloniarum
611 1901 898 1942 deduffionem
927 1902 969 1941 in
1000 1902 1078 1942 viri
1098 1901 1325 1941 aduentum
1356 1900 1440 1950 dhifss

92 1972 305 2012 ferendam
340 1971 415 2013 effe
456 1974 698 2026 contendit,
746 1971 798 2014 L.
831 1974 1073 2024 Antonius,
1106 1973 1245 2014 Marci
1288 1974 1440 2025 frater,

93 2043 281 2095 Consul,
313 2059 443 2086 nouas
478 2056 518 2086 et
565 2046 751 2100 ipse'res
788 2045 984 2098 molitur,
1016 2057 1058 2087 et
1083 2043 1237 2101 'partim
1259 2040 1334 2098 iis,
1369 2048 1441 2102 qui

95 2115 272 2169 praediis*
295 2127 336 2156 et
364 2118 469 2173 agris
496 2119 576 2160 suis
598 2118 863 2169 exciderant,
896 2132 1018 2172 opem
1040 2118 1153 2158 suam
1178 2118 1445 2172 pollicendo,

96 2188 247 2240 partim
293 2186 513 2229 Caesarem
563 2190 611 2229 ad
650 2199 867 2231 veteranos
908 2191 1199 2241 criminando,
1245 2205 1446 2246 magnum

94 2260 326 2300 exercitum
349 2271 586 2315 comparat,
618 2261 861 2315 bellumque
878 2263 921 2302 in
947 2262 1163 2304 Caesarem
1193 2272 1347 2306 mouet.

88 2383 92 2387 ῃ
153 2327 206 2370 In
235 2330 307 2370 illa
342 2333 503 2387 agraria
535 2333 756 2388 largitione
796 2333 904 2386 (non
939 2335 1052 2374 enim
1084 2335 1133 2374 ad
1175 2335 1310 2390 ali-am·
1341 2335 1448 2376 trahi

98 2400 230 2455 poffe,
264 2417 520 2457 quamquam
548 2396 616 2444 res⁷
637 2406 882 2460 probatione
916 2407 987 2448 vix
1012 2416 1132 2463 eget,
1158 2406 1328 2448 Ruaeus
1352 2422 1450 2462 pro·-

99 2474 214 2514 bauit
237 2475 286 2515 ad
311 2475 486 2531 Virgilii
516 2475 661 2517 Vitam
687 2477 792 2535 713)
815 2480 940 2519 etiam
968 2478 1177 2535 Virgilius
1198 2476 1329 2535 vagros
1358 2480 1452 2521 suos

103 2556 295 2600 paternos
318 2548 466 2589 amisit.
515 2548 603 2591 Etfi
615 2550 728 2590 enirn
741 2539 973 2592 Mantuani
988 2552 1093 2592 nihil
1116 2552 1159 2592 in
1176 2551 1454 2593 Triumuiros

103 2619 417 2671 commiserant,
458 2635 609 2676 magna
633 2632 774 2663 tamen
800 2638 993 2679 agrorum
1015 2624 1182 2665 suorum
1203 2634 1318 2680 parte
1339 2625 1453 2665 mul-

109 2691 186 2730 tati
212 2692 332 2742 sunt,
365 2695 589 2747 quoniam,
619 2706 666 2736 vt
692 2697 834 2746 aiunt,
859 2693 1225 2748 Cremonensium,
1248 2698 1321 2752 qui
1344 2696 1457 2738 Bm-

102 2762 138 2809 ti
166 2772 208 2805 et
236 2762 356 2807 Caffii
384 2776 518 2821 partes
552 2767 714 2824 sequuti
750 2776 893 2820 erant,
924 2770 1012 2827 agri
1046 2769 1264 2826 proscripti
1297 2778 1459 2810 vetera-

738 2840 782 2887 D
817 2856 843 2899 3
1312 2852 1466 2886 norum
