1733 3076
292 93 375 125 220
519 77 567 120 P.
587 76 812 118 V1R01L11
834 71 1065 114 MARoms
1087 69 1365 118 GEoRcrcA.
1473 76 1571 122 Lib.
1594 93 1632 122 1.

291 186 383 228 Aut
406 184 539 233 Atho,
568 191 639 222 aut
661 178 909 229 Rhodopen,
941 182 1012 213 aut
1031 171 1114 213 alta
1136 172 1344 217 Ceraunia
1364 178 1447 219 telo

292 258 480 313 Dejicit:
515 253 771 308 ingeminant
791 247 929 296 austri,
951 255 992 285 et
1012 245 1257 288 denfiffimus
1279 250 1407 290 imber
1425 265 1434 290 :

292 330 423 371 Nunc
446 340 610 366 nemora
631 323 789 378 ingenti
810 329 950 369 vent0,
982 333 1095 359 nunc
1117 318 1238 360 litora
1259 320 1434 376 plangit.

293 403 387 443 Hoc
409 410 610 446 metuens,
642 395 742 436 caeli
765 393 925 443 mensis,
957 400 998 430 et
1019 390 1141 430 sidera
1162 391 1289 444 serva,
1556 407 1636 451 335

294 471 464 526 Frigida
487 468 651 509 Saturni
677 467 752 507 sese
774 480 858 520 quo
878 464 992 506 stella
1013 474 1207 518 receptet,

295 545 416 598 ons
434 543 540 598 ignis
562 540 662 582 caeli
687 538 906 594 Cyllenius
927 546 1032 576 erret
1053 537 1095 576 in
1117 537 1250 579 orbis.‘

294 618 346 660 In
369 617 510 671 primis
530 626 718 655 venerare
740 612 851 660 dem,
884 621 1006 664 atque
1027 625 1164 651 annua
1183 625 1355 666 magnae

299 691 421 732 Sacra
442 689 544 729 refer
566 685 705 727 Cerea-i
730 684 845 724 laetis
866 693 1053 736 operatus
1073 684 1116 723 in
1138 684 1290 735 herbis,

298 763 517 805 Extremae
541 761 610 802 sub
632 759 768 799 casum
791 757 952 806 hiemis,
980 757 1066 811 jam
1085 771 1176 796 vere
1198 758 1349 798 sereno.
1562 768 1644 819 340·

297 836 419 876 Tum
442 835 614 889 pingas
636 827 758 886 agni,
781 839 820 870 et
842 841 931 870 tum
953 829 1183 869 moliiffima
1203 831 1325 872 vina:
1568 825 1572 827 λ

297 908 416 949 Tum
442 907 566 947 somni
592 906 749 954 dulces,
781 904 1005 958 densaeque
1029 903 1069 943 in
1093 904 1304 944 montibus
1325 905 1508 946 umbrae.

299 979 468 1022 Can-§ta
489 979 563 1019 tibi
588 976 778 1017 Cererem
800 977 925 1029 pubes
947 975 1109 1029 agrestis
1131 977 1283 1017 adoret.

300 1052 417 1105 Quoi
439 1062 485 1092 tu
506 1050 610 1092 laete
632 1050 761 1100 favos,
784 1059 822 1089 et
843 1050 933 1089 miti
955 1048 1065 1088 dilue
1087 1050 1242 1090 baccho
1263 1066 1272 1091 :

300 1123 475 1178 Terque
498 1137 622 1163 novas
644 1123 801 1162 circum
824 1122 922 1161 felix
943 1131 1006 1160 eat
1028 1121 1155 1161 hostia
1175 1123 1340 1178 fruges3
1564 1139 1644 1182 345

301 1194 458 1236 Omnis
481 1209 604 1249 quam
624 1194 791 1245 chorus,
813 1203 853 1232 et
876 1193 971 1234 socii
995 1195 1243 1235 comitentur
1264 1205 1430 1237 ovantes
1449 1215 1462 1247 3

302 1269 360 1311 Et
383 1268 573 1309 Cererem
594 1267 770 1308 clamore
790 1277 938 1308 vocent
960 1267 1001 1305 in
1024 1266 1152 1307 meta:
1186 1282 1319 1322 neque
1339 1279 1433 1311 ante

303 1341 470 1384 Falcem
493 1341 662 1382 maturis
683 1341 900 1394 quisquam
921 1341 1121 1392 supponat
1142 1341 1286 1392 aristis,

302 1414 445 1468 Quam
469 1412 609 1459 Cereri
632 1422 738 1453 torta
760 1412 972 1452 redimitus
995 1423 1177 1466 tempora
1198 1430 1354 1468 quercu

304 1487 391 1529 Det
412 1496 548 1527 motus
571 1485 876 1541 incompositos,
906 1496 947 1526 ct
968 1488 1149 1527 carmina
1169 1488 1292 1528 dicat.
1565 1502 1648 1549 350

305 1562 447 1615 Atque
469 1560 566 1600 haec
588 1569 633 1599 ut
654 1559 775 1599 certis
798 1561 986 1612 possimus
1007 1561 1157 1601 discere
1177 1560 1317 1616 fignis,

306 1633 548 1688 Aestusque‚
582 1632 837 1686 pluviasque,
869 1643 909 1672 et
930 1634 1087 1688 agentis
1110 1634 1262 1689 frigora
1282 1645 1454 1690 ventos;

306 1705 397 1760 Ipse
419 1715 530 1759 pater
550 1704 705 1759 statuit,
737 1704 836 1757 quid
859 1706 1060 1746 menstrua
1083 1706 1204 1752 Luna
1224 1719 1427 1760 moneret,

306 1778 409 1833 Qo
430 1777 541 1834 signo
562 1776 750 1818 caderent
774 1777 936 1827 Austri:
972 1780 1071 1832 quid
1095 1780 1205 1833 saepe
1226 1782 1410 1824 videntes

307 1850 548 1907 Agricolae,
581 1849 748 1904 propius
769 1848 934 1891 stabulis
957 1863 1140 1893 armenta
1160 1864 1359 1896 tenerent.
1573 1869 1654 1914 355
1709 1859 1711 1861 ’

310 1924 532 1965 Continuo
553 1924 687 1964 ventis
710 1924 972 1979 surgentibus
993 1936 1064 1968 aut
1086 1928 1191 1967 freta
1213 1928 1330 1980 ponti

310 1995 530 2051 Incipiunt
550 1997 704 2052 agitata
724 1997 965 2048 tumescere,
998 2009 1038 2039 et
1058 1999 1195 2039 aridus
1217 2000 1311 2042 altis

310 2069 535 2111 Montibus
557 2069 688 2110 audiri
714 2070 877 2126 frag0r3
911 2082 981 2112 aut
1002 2072 1231 2126 resonantia
1247 2072 1373 2131 longe

364 2192 452 2229 The
468 2191 597 2238 Latin,
620 2192 698 2242 says
719 2194 797 2231 Mr.
821 2194 983 2239 Benson‚
1010 2195 1038 2234 is
1058 2209 1096 2235 as
1116 2195 1234 2247 quick
1253 2194 1328 2233 and
1346 2194 1485 2232 sudden
1503 2209 1540 2233 as
1562 2196 1659 2235 their

309 2245 435 2297 flight.
466 2247 734 2297 Fugfreferae,
757 2247 846 2297 they
867 2261 927 2285 are
947 2249 997 2286 all
1020 2248 1195 2287 vanished
1214 2249 1252 2286 in
1272 2262 1320 2286 an
1338 2247 1489 2285 instant.
1521 2249 1597 2287 But
1616 2249 1659 2287 in

310 2299 389 2335 Mr.
413 2299 605 2348 Dryden‘s
634 2299 868 2344 transsation,
899 2313 968 2338 one
997 2301 1123 2339 would
1155 2301 1324 2353 imagine
1352 2300 1452 2338 these
1472 2312 1659 2339 creatures

306 2365 404 2388 were
424 2350 536 2389 drove
558 2362 626 2389 out
658 2351 704 2390 of
730 2351 829 2390 some
856 2353 1025 2392 inclosed
1046 2364 1222 2404 country,
1252 2353 1325 2390 and
1345 2366 1442 2390 were
1462 2353 1660 2405 searching

308 2404 365 2440 for
385 2404 681 2442 entertainment
707 2404 745 2441 in
767 2406 830 2441 the
860 2417 948 2443 next
969 2407 1089 2445 forest.
1138 2408 1214 2455 Yet
1239 2406 1318 2456 Mr.
1340 2405 1486 2455 Benson
1506 2405 1666 2457 himself

308 2455 376 2492 did
397 2467 463 2494 not
480 2457 630 2494 observe
654 2458 715 2494 the
736 2457 872 2508 beauty
892 2459 939 2497 of
954 2460 1016 2497 the
1034 2459 1147 2498 tense.

414 2528 488 2564 Far
508 2527 636 2565 shakes
656 2528 720 2565 the
739 2529 861 2574 earth,
891 2529 1006 2568 beasts
1027 2531 1095 2581 fly,
1125 2530 1201 2568 and
1226 2528 1363 2567 mortal
1381 2529 1506 2566 hear-ts

411 2580 499 2616 Pale
524 2580 602 2617 sear
620 2581 774 2630 dejeels.

360 2644 403 2680 4¹
414 2645 450 2681 7.
473 2634 559 2670 And
567 2634 670 2671 Ceres
685 2634 792 2685 call.]
815 2635 913 2674 This
927 2636 1087 2674 sacrifice
1102 2637 1165 2674 the
1179 2636 1346 2673 Romans
1366 2633 1489 2672 called
1505 2633 1660 2671 Ambar-

307 2683 415 2722 valia
428 2684 523 2723 from
538 2685 671 2724 ambire
685 2701 786 2725 arva
795 2703 807 2734 3
831 2688 889 2727 for
904 2689 993 2741 they
1011 2689 1073 2728 led
1091 2690 1154 2729 the
1169 2687 1299 2735 viffim
1313 2686 1436 2728 round
1452 2686 1515 2726 the
1538 2684 1658 2726 fields.
1711 2711 1714 2715 -
