1733 3076
311 129 395 171 224
528 113 576 156 P.
597 113 820 155 mem
842 111 1075 154 MAR0N1s
1099 110 1376 157 GEORGICA.
1498 115 1596 158 Lib.
1619 130 1657 160 1.

306 218 429 260 Tum
451 217 595 258 cornix
617 216 739 269 plena
760 214 945 267 pluviam
966 225 1088 256 vocat
1110 217 1296 270 improba
1315 232 1432 269 voce,

311 292 370 335 Et
392 291 474 331 sola
496 290 538 329 in
560 287 667 328 sicca
689 287 826 326 secum
849 287 1046 340 spatiatur
1068 303 1205 330 arena.

309 363 381 405 Ne
401 361 604 403 noemma
624 358 1028 414 quidecharpentes
1052 363 1172 416 pensa
1195 364 1356 417 puellae
1575 376 1657 420 390

316 435 540 476 Nescivere
560 432 736 472 hiemem
754 447 762 472 :
797 432 895 473 testa
915 447 1011 474 cum
1032 434 1196 475 ardente
1217 435 1403 476 viderent

318 505 556 548 Scintillare
576 504 731 556 oleum,
761 516 802 545 et
823 506 956 559 putris
977 508 1235 548 concrescere
1256 509 1424 564 fungos.

318 579 414 620 Nec
435 578 574 617 minus
593 577 789 617 eximbris
813 578 914 619 soles
935 588 976 619 et
996 591 1133 633 aperta
1155 582 1292 622 serena

318 651 572 705 Prospicere,
598 658 640 689 et
660 651 782 690 certis
805 651 955 704 poteris
976 652 1218 707 cognoscere
1240 652 1379 709 fignIS.

320 725 437 766 Nam
458 737 592 778 neque
613 732 703 763 tum
723 722 850 764 stellis
871 725 978 765 acies
999 726 1143 765 obtusa
1163 726 1344 778 videtur,
1586 739 1666 786 395

318 798 416 841 Nec
438 797 575 838 fratris
596 796 718 837 radiis
739 797 921 838 obnoxia
943 798 1103 852 surgere
1126 797 1249 838 Luna
1266 817 1280 849 3

319 870 493 912 Tenuia
513 885 589 911 nec
611 869 730 909 lanae
752 884 822 924 per
841 870 1001 910 caelum
1022 870 1174 911 vellera
1194 871 1306 912 ferri.

320 944 426 986 Non
447 944 632 997 tepidum
654 943 700 982 ad
724 943 849 983 solem
870 959 1025 996 pennas
1047 945 1090 984 in
1112 944 1234 985 litore
1256 944 1446 998 pandunt

319 1016 513 1060 Dileeffle
535 1016 713 1056 Thetidi
735 1015 948 1072 Alcyones
966 1032 974 1057 :
1010 1031 1095 1057 non
1115 1032 1184 1058 ore
1205 1018 1360 1058 solutos

319 1090 521 1132 Inmundi
544 1089 763 1129 meminere
785 1090 872 1129 sues
888 1079 1044 1144 jactare
1065 1089 1284 1142 maniplos.
1586 1102 1671 1144 400

322 1164 385 1205 At
407 1163 582 1204 nebulae
604 1162 734 1217 magis
757 1162 838 1201 ima
859 1170 1025 1213 petunt,
1058 1174 1290 1216 campoque
1311 1162 1560 1203 recumbunt
1579 1176 1589 1203 ι

325 1235 434 1278 Solis
454 1247 495 1277 et
514 1236 706 1277 occasum
730 1235 889 1276 servans
911 1234 959 1273 de
981 1227 1164 1274 culmine
1186 1235 1347 1276 summo

321 1307 624 1363 Nequicquam
646 1309 750 1349 seros
772 1317 934 1348 exercet
955 1307 1109 1347 nocstua
1129 1316 1293 1347 cantus.

320 1380 506 1433 Adparet
527 1380 690 1433 liquido
713 1380 898 1420 sublimis
921 1380 965 1419 in
987 1383 1076 1419 aere
1098 1378 1249 1430 Nisus,

318 1451 377 1494 Et
399 1467 470 1505 pro
492 1467 698 1506 purpureo
721 1466 873 1505 poenas
895 1451 964 1491 dat
987 1451 1099 1508 Scyll
1105 1466 1127 1491 a
1147 1452 1316 1506 capillo.
1587 1454 1687 1510 405'

322 1526 607 1582 Quacumque
629 1526 701 1566 illa
724 1526 859 1567 levem
881 1526 1047 1581 fugiens
1070 1525 1178 1565 secat
1198 1526 1360 1566 aethera
1380 1527 1548 1581 pennis,

321 1599 466 1640 Ecce
457 1600 653 1639 inimicus
675 1607 795 1639 atrox
817 1613 971 1654 magno
992 1597 1162 1638 stridore
1183 1612 1253 1652 per
1274 1611 1392 1639 auras

323 1671 566 1726 Insequitur
586 1671 747 1712 Nisus:
782 1686 864 1726 qua
886 1672 923 1712 se
945 1671 1025 1711 fert
1046 1670 1178 1711 Nisus
1201 1670 1248 1711 ad
1273 1685 1408 1722 auras,

326 1742 409 1785 Illa
429 1744 560 1784 levem
583 1744 745 1799 fugiens
769 1744 917 1797 raptim
940 1744 1045 1782 secat
1068 1744 1230 1783 aethera
1251 1745 1413 1797 pennis.

328 1815 451 1856 Tum
473 1815 653 1870 liquidas
673 1816 787 1855 corvi
810 1814 939 1868 preffo
961 1824 1020 1854 ter
1042 1825 1210 1869 gutture
1230 1831 1353 1856 voces
1592 1830 1682 1872 410·

328 1889 422 1931 Aut
442 1899 589 1943 quater
611 1889 873 1943 ingeminant
893 1903 901 1927 z
935 1898 976 1928 et
998 1888 1111 1942 saepe
1133 1889 1344 1930 cubilibus
1366 1888 1477 1940 altis,

328 1962 487 2004 Nescio
509 1977 591 2016 qua
612 1970 768 2015 praeter
792 1961 960 2001 solitum
982 1960 1201 2000 dulcedine
1222 1961 1337 2012 laeti,

334 2034 450 2076 Inter
473 2034 510 2074 se
533 2033 645 2073 foliis
667 2032 896 2086 strepitant.
954 2035 1074 2090 juvat
1095 2034 1298 2074 imbribus
1321 2034 1424 2075 aeris

331 2108 577 2164 Progeniem
599 2121 767 2161 parvam
788 2106 1005 2160 dulcisque
1025 2107 1196 2148 revisere
1218 2107 1358 2148 nidos.

379 2282 472 2333 461.
505 2283 622 2322 Stalks
640 2285 753 2334 across
772 2286 830 2322 the
839 2285 1030 2335 scor-thing
1045 2275 1172 2334 fhnds.
1179 2285 1195 2335 ]
1244 2283 1331 2322 The
1360 2283 1438 2321 line
1468 2281 1683 2332 admirabl'y

328 2336 536 2386 represents
559 2339 621 2374 the
643 2337 766 2374 aetion
786 2337 908 2375 ofthe
929 2350 1040 2381 crow,
1068 2336 1143 2374 and
1171 2337 1201 2375 is
1231 2350 1282 2375 an
1306 2351 1344 2374 c:
1351 2338 1398 2374 ho
1419 2346 1456 2373 to
1477 2337 1540 2373 the
1566 2335 1688 2372 sense.-

327 2387 455 2426 Those
474 2390 555 2427 who
571 2403 630 2427 are
649 2389 740 2426 fond
755 2391 801 2427 of
814 2389 1063 2434 alliteration,
1080 2403 1140 2427 are
1156 2389 1353 2441 delighted
1370 2388 1460 2426 with
1476 2389 1548 2426 this
1565 2387 1689 2431 verse,.·
1703 2409 1709 2411 -

324 2443 452 2478 where
468 2441 505 2478 so
525 2456 640 2491 many
657 2443 693 2479 δ’
699 2457 712 2480 5
735 2456 796 2480 are
816 2442 938 2480 found
952 2443 1147 2494 together·
1179 2443 1268 2491 they
1283 2455 1367 2491 may
1385 2440 1446 2491 say
1457 2441 1520 2478 the
1534 2440 1633 2477 same
1645 2438 1691 2477 of
1720 2489 1729 2496 .

320 2494 427 2543 plena
441 2494 624 2542 plu-viam,
647 2494 691 2532 Εἴ
711 2508 818 2533 vocat
838 2511 937 2540 voce,
967 2495 1007 2532 in
1029 2496 1092 2532 the
1113 2494 1317 2544 preceding
1338 2494 1429 2531 line.

379 2547 468 2595 467.
503 2548 620 2585 Calm.
630 2548 643 2598 ]
676 2548 897 2599 Accmding
917 2559 956 2585 to
979 2548 1081 2584 what
1102 2547 1243 2585 Pierius
1265 2546 1414 2584 found
1405 2560 1444 2583 ιη
1467 2545 1602 2583 several
1620 2542 1684 2582 old

330 2606 514 2635 manulci
505 2613 601 2648 prs:
645 2617 686 2637 ex
709 2601 836 2640 imbres
860 2615 901 2639 in
930 2600 994 2640 the
1018 2600 1199 2652 original,
1230 2599 1286 2638 for
1306 2600 1368 2639 the
1387 2609 1476 2650 poet
1496 2594 1633 2651 begins
1647 2606 1693 2634 tos

330 2650 444 2700 speak
463 2651 508 2689 of
521 2651 593 2690 fair
613 2655 792 2692 weather.
