1733 3076
297 214 378 259 180
495 213 544 256 P.
569 213 795 255 VIRGILH
817 209 1051 253 MARONIS
1075 209 1345 254 Bucomcpi.
1463 213 1561 256 Ecl.
1589 226 1657 258 10.

294 317 455 373 Perque
478 318 598 358 nives.
615 315 763 366 alium,
797 331 951 371 perque
973 316 1141 357 horrida
1161 318 1290 359 castra
1311 320 1450 361 secuta
1469 320 1541 362 est.

295 391 430 432 Venit
451 401 491 431 et
513 389 659 446 agresti
683 391 834 445 capitis
856 385 1248 442 Silvanmfhonore,

294 464 506 507 Florentis
530 463 683 504 ferulas
704 473 744 503 et
766 463 939 519 grandia
960 462 1051 503 lilia
1074 463 1282 518 quassans.
1604 478 1657 521 25

293 537 382 578 Pan
412 536 512 578 deus
534 537 740 578 Arcadiae
762 537 905 577 venit:
940 551 1067 591 quem
1088 537 1268 580 vidimus
1291 537 1365 594 ipfi

294 610 546 666 Sanguineis
572 610 686 650 ebuli
710 610 850 650 baccis
871 607 1087 665 minioque
1107 611 1340 653 rubentem.

293 683 456 739 Ecquis
482 684 561 724 erit
584 682 762 723 modus?
799 683 953 737 inquit.
1016 698 1132 724 amor
1152 699 1238 725 non
1261 687 1361 726 talia
1382 695 1515 728 curat.

292 757 391 799 Nec
412 757 597 798 lacrimis
621 755 799 797 crudelis
822 770 955 807 amor,
987 771 1064 798 nec
1086 759 1272 813 gramina
1294 760 1414 810 rivis,

294 829 393 872 Nec
415 830 548 886 cytiso
576 830 816 871 saturantur
837 843 955 884 apes,¹
984 844 1060 870 nec
1092 830 1237 871 fronde
1259 832 1455 887 capellae.
1604 845 1659 890 30
1719 869 1727 874 .

296 901 454 944 Tristis
482 912 524 944 at
548 902 638 953 ille,
672 901 842 943 Tamen
865 903 1107 953 cantabitis,
1132 904 1333 956 Arcades,
1356 905 1515 960 inquit,

294 975 524 1019 Montibus
544 977 648 1017 haec
671 976 813 1017 vestris
835 990 842 1016 :
879 976 952 1016 soli
976 985 1144 1017 cantare
1166 977 1287 1030 periti

294 1049 495 1091 Arcades.
558 1050 584 1089 ὃ
605 1050 707 1090 mihi
731 1057 822 1089 tum
845 1064 971 1104 quam
994 1049 1178 1090 molliter
1198 1047 1280 1089 offa
1313 1049 1553 1104 quiescant,

293 1120 442 1164 Vestra
462 1137 574 1164 meos
594 1123 697 1164 olim
720 1121 746 1163 fi
769 1122 904 1164 fistula
926 1123 1039 1164 dicat
1061 1136 1218 1163 amores
1243 1120 1251 1161 !

294 1198 439 1252 Atque
465 1197 626 1237 utinam
648 1211 699 1237 ex
724 1197 841 1237 vobis
868 1210 992 1246 unus,
1024 1195 1227 1249 vestrique
1252 1193 1414 1235 fuiss'em
1605 1207 1657 1251 35

293 1271 389 1313 Aut
410 1269 546 1312 custos
570 1271 727 1326 gregis,
761 1279 833 1310 aut
856 1278 1040 1309 maturae
1061 1269 1224 1310 venitor
1246 1282 1348 1310 uvae
1371 1267 1379 1309 !

295 1341 424 1385 Certe
444 1342 525 1384 five
547 1343 651 1385 mihi
681 1341 862 1398 Phyllis,
896 1341 974 1383 five
996 1341 1093 1383 effet
1115 1343 1342 1398 Amyntas,

294 1415 378 1457 Seu
399 1417 660 1474 quicumque
692 1417 824 1467 furor,
861 1416 985 1471 (quid
1008 1426 1116 1466 tum,
1150 1415 1176 1457 fi
1200 1416 1341 1457 fuscus
1364 1416 1573 1472 Amyntas
1594 1415 1609 1456 ?

293 1488 353 1532 Et
379 1490 527 1546 nigrae
548 1490 681 1532 violae
704 1490 814 1541 sunt,
844 1499 885 1530 et
909 1491 1100 1532 vaccinia
1126 1489 1267 1546 nigra)

294 1562 474 1605 Mecum
497 1565 606 1607 inter
628 1564 769 1605 salices
792 1563 905 1606 lenta
927 1564 1000 1605 sub
1031 1565 1115 1605 vite
1141 1566 1312 1621 jaceret.
1603 1575 1662 1618 40
1719 1591 1722 1594 -

293 1634 414 1677 Serta
433 1636 539 1676 mihi
561 1634 724 1691 Phyllis
746 1637 918 1691 legeret,
950 1647 1137 1677 cantaret
1159 1638 1385 1694 Amyntas.

293 1708 381 1750 Hic
404 1708 533 1766 gelidi
557 1709 694 1752 fontes
715 1725 723 1749 :
759 1711 829 1751 hic
850 1711 997 1751 mollia
1026 1697 1156 1765 prata,
1192 1710 1364 1767 Lycori.

292 1781 379 1824 Hic
401 1796 548 1822 nemus
569 1796 578 1821 ;
613 1782 682 1823 hic
706 1783 791 1836 ipso
822 1792 962 1824 tecum
991 1784 1254 1824 consumerer
1275 1798 1392 1824 aevo,

289 1854 428 1897 Nunc
452 1857 620 1897 insanus
648 1870 762 1897 amor
783 1855 876 1897 duri
901 1871 965 1896 me
989 1855 1144 1897 Niartis
1169 1856 1211 1896 in
1243 1856 1385 1905 armis,

294 1928 410 1970 Tela
430 1930 540 1969 inter
559 1929 710 1979 media,
744 1940 869 1983 atque
898 1930 1083 1971 adversos
1106 1929 1264 1969 detinet
1285 1928 1426 1969 hostis.
1603 1941 1658 1984 45

295 2002 373 2044 Tu
396 2003 542 2058 procul
566 2018 587 2042 a
608 2003 739 2057 patria
765 2004 864 2057 (nec
896 2003 942 2044 sit
964 2003 1065 2043 mihi
1089 2000 1275 2054 credere)
1306 2011 1470 2042 tantum

295 2077 496 2132 Alpinas,
530 2078 580 2117 ah
604 2076 723 2128 dura,
758 2077 875 2118 nives
896 2086 937 2117 et
959 2075 1114 2131 frigora
1143 2074 1286 2118 Rheni

348 2297 413 2335 41.
447 2284 527 2322 Saa'
549 2275 677 2322 Gallus
695 2282 811 2333 them]
858 2282 957 2321 This
978 2280 1126 2318 address
1147 2280 1192 2318 of
1214 2280 1355 2317 Gallus
1376 2287 1415 2316 to
1446 2280 1508 2318 the
1537 2279 1658 2317 Arca-

295 2337 404 2375 dians
424 2336 454 2374 is
476 2336 607 2375 tender
627 2337 703 2374 and
731 2336 913 2387 moving;
944 2335 1146 2385 especially
1179 2334 1262 2371 that
1294 2341 1378 2383 part
1404 2333 1450 2371 of
1480 2332 1510 2369 it
1537 2333 1659 2369 where

295 2391 344 2428 he
374 2390 505 2428 wishes
538 2390 586 2427 he
612 2389 688 2426 had
724 2389 819 2427 been
855 2390 943 2438 only
972 2401 1018 2425 an
1049 2386 1208 2424 humble
1229 2384 1409 2435 ihepherd
1432 2384 1509 2422 like
1539 2386 1658 2422 them.

295 2444 371 2480 But
390 2443 500 2480 when
527 2443 575 2480 he
589 2443 663 2492 just
680 2442 903 2480 afterwards
924 2440 1105 2480 addreffes
1126 2440 1183 2477 his
1205 2437 1376 2483 mist1ess,
1401 2438 1463 2475 the
1484 2437 1578 2475 lines
1598 2449 1661 2476 are

295 2494 559 2547 inexpreffibly
578 2496 763 2547 pathetic-

402 2598 476 2633 Hic
487 2594 603 2646 gelidi
608 2598 731 2647 fontes
748 2610 758 2639 ;
788 2595 846 2632 hic
863 2593 983 2631 mollia
996 2602 1125 2642 prata,
1158 2593 1282 2640 Lycori
1295 2606 1307 2636 ;

400 2650 473 2686 Hic
490 2663 603 2686 nemus
616 2664 630 2685 :
660 2649 719 2686 hic
737 2648 807 2697 ipſsa
826 2659 933 2685 tecum
953 2647 1161 2697 consterneret*
1176 2660 1282 2682 aevo.

299 2747 390 2785 And
412 2747 501 2784 then
523 2747 571 2783 he
603 2756 708 2783 turns
740 2746 800 2784 off
822 2755 860 2783 at
881 2758 976 2783 once
997 2756 1035 2783 to
1056 2745 1119 2784 the
1139 2744 1231 2784 evils
1251 2743 1308 2782 his
1335 2743 1474 2795 paffion
1504 2742 1570 2781 has
1589 2754 1659 2780 ex-

298 2799 412 2852 posed
430 2799 510 2837 him
532 2808 586 2843 to,

405 2892 507 2930 Nunc
524 2891 667 2943 infimus
686 2905 799 2936 amor,
830 2889 874 2929 {3⁹
875 2906 904 2930 c.
