1733 3076
326 138 463 182 PER
514 137 776 182 ANNos
829 134 1196 180 DIGESTA.
1388 147 1442 191 53

94 241 180 294 VI,
216 255 313 299 792.
347 243 525 297 scriptus
546 242 621 284 effe
642 244 787 283 debet:
823 243 906 284 Hic
926 242 1018 292 vir,
1048 240 1109 281 hic
1129 243 1202 298 est,
1236 239 1311 281 tihi
1337 255 1443 294 quem

90 316 275 372 promitti
282 316 443 372 saepius
462 317 598 366 audis,
622 315 816 370 Augigstus
838 316 1005 372 Caqsar,
1030 315 1136 355 Diui
1151 329 1285 369 genus.

150 387 280 427 Hunc
303 402 424 442 porro
444 401 601 427 annum
618 389 818 442 assignant
839 387 917 426 viri
938 387 1046 426 doffi
1072 385 1240 443 Satyrae
1261 386 1447 427 decimae

93 459 192 500 libri
208 459 244 500 I.
261 459 450 510 Horatii,
466 460 507 499 in
520 474 602 514 qua
629 475 669 502 v.
682 472 752 513 45.
779 459 884 500 molle
896 461 1182 516 atquefacetum
1193 459 1360 513 Virgilio
1373 459 1447 498 aii-¹

95 543 263 574 nuerunt
273 534 481 588 gaudentes
497 548 590 574 rure
604 531 824 574 Camocnae.
850 531 977 586 Qod
997 531 1199 572 iudicium
1213 546 1310 572 cum
1329 532 1450 572 vnice

96 606 146 646 ad
179 605 384 648 Bucolica
403 616 443 646 et
466 604 681 660 Georgica
710 603 885 657 spectet,
921 617 1103 657 cumque
1135 604 1312 645 ibidem:
1338 606 1451 661 forte

95 688 179 734 epos
194 694 303 729 acer,
322 677 385 718 Vt
400 693 547 729 nem0‚
567 677 712 720 Varius
729 677 857 726 ducit,
876 676 1080 717 adie&um
1097 675 1170 727 fit,
1189 676 1294 717 nihil
1314 677 1451 716 adhuc

97 751 148 790 de
179 749 363 791 Aeneide
394 761 484 791 tum
520 760 681 805 poetam
714 749 930 810 cogitasse,
967 749 1074 790 nihil
1109 760 1218 790 certe
1244 747 1451 805 vulgasse,

101 823 310 879 probabile
332 821 394 864 fit.

640 938 697 978 V.
723 937 776 980 C,
812 939 910 994 728.

232 1009 377 1067 Caesar
398 1009 594 1067 Augustus
616 1010 735 1054 VIII.
799 1011 846 1053 T.
873 1011 1057 1053 Statilius
1087 1009 1245 1052 Taurus
1277 1010 1337 1052 II.

500 1100 539 1125 a.
574 1085 621 1124 C.
653 1086 721 1127 26.
784 1084 950 1140 Virgilii
979 1087 1044 1137 ›lt-3.

159 1167 386 1215 Cornelius
409 1168 564 1212 Gallus
587 1172 742 1224 primus
765 1172 949 1228 Aegypti
983 1171 1213 1226 praefectus
1245 1170 1456 1228 Augusta·

102 1242 173 1293 HS,
206 1257 304 1284 cum
325 1254 494 1297 propter
515 1245 648 1284 multa
667 1244 866 1298 flagitiose
888 1244 978 1285 aeia
1000 1245 1173 1285 infamia
1194 1245 1243 1286 ab
1267 1244 1462 1299 Augusto

103 1324 291 1365 notatus,
326 1330 424 1356 mox
454 1325 495 1355 et
524 1316 687 1358 senatus
710 1316 866 1358 iudicio
888 1317 1106 1358 damnatus
1127 1316 1242 1367 effet,
1274 1316 1465 1359 dolorem

105 1399 191 1426 non
225 1387 378 1438 ferens,
413 1402 588 1442 poenam
623 1399 755 1430 morte
789 1390 1029 1431 voluntaria
1063 1390 1303 1431 anteuertit.
1373 1387 1465 1429 Dio

109 1455 238 1509 LIII,
270 1472 338 1516 23.
401 1459 506 1501 Eius
541 1461 681 1501 laudes
718 1471 868 1516 quarto
901 1459 1213 1517 Georgicorum
1234 1461 1342 1503 libro
1365 1461 1461 1501 Au-

110 1529 217 1586 gusti
248 1530 352 1572 iussu
388 1542 480 1577 tum
510 1533 689 1576 sublatas
719 1532 895 1577 Aristaei
932 1533 1095 1577 fabulae
1131 1535 1273 1574 locum
1309 1533 1462 1583 feciffe,

110 1613 281 1644 narrant
334 1603 632 1650 Grammatici.
690 1620 730 1648 v.
764 1603 927 1652 Donat.
976 1606 1002 1662 ᾗ
1048 1621 1115 1663 39.
1194 1605 1362 1647 Seruius
1415 1604 1465 1645 ad

108 1673 206 1722 Ecl.
238 1675 301 1727 X,
335 1689 374 1718 Ι.

640 1780 699 1822 V.
734 1780 790 1823 C.
855 1796 877 1826 2
913 1812 922 1822 .

310 1853 456 1912 Caesar
477 1855 672 1913 Augustus
702 1857 780 1897 IX.
825 1796 914 1897 213.
949 1856 1088 1897 Iunius
1119 1855 1292 1900 Silanus.

510 1945 549 1971 α.
583 1930 631 1970 G.
665 1942 734 1983 25.
798 1928 963 1984 Virgilii
993 1930 1057 1985 {g

122 2024 124 2027 '
171 2011 400 2068 Expeditio
431 2015 612 2072 Augusti
649 2018 694 2057 in
728 2016 982 2058 Cantabros.
1056 2017 1286 2061 Absentem
1320 2031 1415 2057 eum
1450 2031 1474 2058 a

118 2083 301 2142 Virgilio
320 2087 474 2128 litteris
496 2089 580 2129 suis
602 2089 832 2129 Aeneidem
854 2088 1067 2144 flagitasse,
1091 2088 1291 2134 Donatus
1313 2104 1471 2134 memo·

117 2165 183 2202 rat
205 2156 230 2217 ᾗ
251 2158 323 2213 46.
365 2159 435 2200 vbi
457 2174 497 2201 v.
522 2170 613 2203 not.

649 2273 707 2314 V.
742 2273 796 2316 C.
832 2288 929 2331 730.

289 2343 435 2402 Caesar
457 2343 651 2400 Augustus
682 2346 736 2386 X.
802 2346 849 2385 C.
884 2347 1097 2389 Norbanus
1128 2348 1300 2391 Flaccus.

514 2434 553 2459 α.
589 2418 635 2458 C.
671 2432 739 2471 24.
803 2418 969 2473 Virgilii
1001 2417 1064 2469 ἐξ.

179 2503 462 2561 Hieronymus
480 2506 644 2549 Chron.
679 2506 832 2548 Euseb.
852 2507 903 2548 ad
922 2507 1101 2564 Olymp.
1124 2510 1220 2565 189,
1248 2523 1284 2551 1.
1320 2509 1478 2567 Quinc-

124 2573 236 2616 tilius
257 2577 526 2635 Cremonenfis,
564 2579 731 2635 Virgilii
764 2590 800 2620 et
834 2580 1001 2623 Horatii
1022 2583 1269 2638 familiaris,
1293 2587 1486 2627 moritum

125 2643 195 2687 De
228 2647 317 2688 eius
349 2649 468 2690 obitu
503 2652 745 2693 consolatur
767 2653 999 2709 Virgilium
1022 2653 1226 2697 Horatius
1258 2668 1362 2698 noto
1389 2673 1483 2699 car-

126 2718 240 2760 mine
258 2719 334 2761 lib.
359 2719 395 2761 I.
421 2720 508 2763 Od.
532 2737 602 2777 24.
667 2725 778 2781 Qiis
802 2727 873 2767 ille
894 2727 1160 2782 Qimstilius
1183 2729 1324 2781 fuerit,
1359 2733 1486 2787 igno-

129 2800 270 2836 ratur:
317 2808 412 2838 nam
448 2794 839 2841 Grammaticorum
877 2811 1117 2844 commenta
1156 2803 1360 2846 audienda
1399 2819 1487 2846 non

708 2871 744 2914 E
778 2888 804 2930 3
1377 2877 1488 2919 sunt.
