1733 3076
274 113 415 160 PER
464 110 726 156 ANNOS
778 109 1144 163 DIGESTA.
1321 123 1382 171 59

24 230 238 280 acceptam
255 220 396 273 fuisse,
419 235 469 261 ex
487 220 618 276 poetis
634 219 722 260 eius
740 218 937 273 temporis
958 216 1150 274 colligas.
1188 215 1377 268 Ouidius

28 297 152 343 Rem.
173 307 267 352 395.
290 295 387 351 396.
410 294 578 336 Tantum
583 295 628 352 se
643 294 748 335 nobis
763 293 879 346 Elegi
893 291 1376 351 deberefatenturQuan·

26 381 108 417 tum
140 369 307 423 Virgilio
328 368 450 410 nobile
468 369 574 409 debet
603 376 685 422 epos
697 365 741 406 *.
778 362 882 416 *Sed
918 363 1030 405 idem
1059 365 1260 408 Aeneidis
1293 367 1378 409 iarn

27 442 219 484 meminit
250 442 350 482 Am.
373 439 412 492 Ι,
450 452 518 495 15,
556 452 625 494 25.
659 438 773 494 quod
802 450 969 478 carmen
1001 437 1051 478 ad
1084 452 1243 481 annum
1274 440 1378 498 736,

27 516 264 570 proximum
286 529 309 554 a
325 513 498 570 Virgilii
521 520 651 554 morte
666 542 680 563 ‚
703 509 922 552 Maffonus
943 509 1089 552 retulit
1109 525 1119 552 :
1153 512 1314 569 Tityrus
1340 526 1378 561 et

13 589 158 647 segetes
179 588 394 644 Aeneiaque
412 603 524 628 arma
543 586 740 640 legentur,
759 584 885 627 Roma
900 584 1135 641 triumphati
1154 587 1244 629 dum
1264 595 1379 644 caput

24 661 126 701 orbis
147 661 237 701 erit.
271 659 329 700 Et
349 661 392 699 in
409 659 514 698 Arte
537 671 613 715 751
640 659 749 699 edita
770 658 844 699 lib.
865 657 952 709 III,
977 671 1072 715 337.
1096 659 1377 719 Etprofugum

25 733 204 784 Aenean,
241 734 342 774 altae
370 733 591 788 primordia
611 731 778 783 Romae,
814 732 906 788 Quo
926 733 1073 774 nullum
1094 732 1212 775 Latio
1231 734 1379 776 clarius

25 817 131 848 extat
150 818 254 862 opus.
316 806 523 846 Nondum
555 806 743 846 absoluta
762 814 804 846 et
824 805 934 845 edita
953 816 1041 846 erat
1062 807 1244 857 Aeneis,
1276 822 1376 849 cum

25 876 266 932 Propertius
288 877 452 918 nobiles
473 878 568 919 illos
583 880 719 920 versus
738 879 930 920 scriberet
951 878 1024 919 lib.
1046 876 1106 918 II.
1126 877 1249 935 Eleg.
1268 890 1372 922 extr.

26 951 75 993 61
102 952 191 1006 sqq.
225 951 315 1009 ⁴Qui
335 966 433 991 nune
453 949 600 992 Aeneae
621 951 785 992 Troiani
793 951 961 1007 suscitat
980 967 1093 993 arma
1111 960 1193 993 etc.

82 1023 315 1080 Virgilium
347 1023 489 1077 paullo
520 1023 631 1077 post,
664 1033 706 1064 et
741 1024 876 1066 adhuc
912 1040 1014 1066 aeuo
1047 1024 1287 1082 Augusteo‚
1331 1028 1377 1068 in

27 1097 176 1140 scholis
197 1096 447 1152 praelectum
468 1107 510 1137 et
528 1105 764 1137 enarratum
786 1095 927 1148 fuisse,
956 1112 977 1137 e
1001 1096 1203 1140 Suetonio
1223 1100 1376 1143 scimus

25 1171 74 1213 de
95 1169 156 1210 ill.
182 1168 422 1211 Grammat.
451 1184 490 1210 c.
533 1170 597 1211 16.
635 1169 696 1225 Q
726 1169 941 1211 Caecilius
977 1170 1152 1226 Epirota
1183 1172 1377 1216 Cornelii

21 1241 146 1285 Galli
169 1242 386 1284 familiaris
403 1243 626 1298 —primusv
646 1242 792 1284 dicitur
819 1242 940 1285 latine
974 1260 1019 1285 ex
1051 1255 1213 1302 tempore
1238 1248 1310 1304 dis
1325 1264 1374 1289 u-

24 1315 137 1371 taffi}‚
163 1315 388 1371 primusque
419 1314 632 1370 Virgilium
666 1326 702 1357 et
736 1316 831 1358 alios
855 1327 988 1373 poetas
1019 1334 1132 1361 nouos
1155 1321 1377 1376 praelegere

23 1387 184 1443 coepiſje.

83 1459 283 1516 Caligula
303 1460 478 1517 Virgilii
495 1462 716 1503 memoriae
737 1463 960 1504 admodum
982 1465 1151 1507 infestus
1175 1468 1269 1508 fuit.
1304 1468 1384 1511 Sed

24 1543 62 1573 et
77 1530 243 1588 Virgilii
257 1544 293 1576 et
309 1533 356 1575 T.
377 1534 493 1576 Liuii
501 1535 656 1591 scripta
671 1546 707 1576 et
722 1537 907 1591 imagines
919 1569 932 1588 ,
945 1538 1121 1592 paullum
1138 1541 1262 1598 afuit,
1281 1542 1376 1596 quin

24 1622 71 1653 ex
87 1607 258 1648 omnibus
278 1607 509 1648 bibliothecis
529 1620 741 1660 amoueret,
773 1627 931 1666 quorum
951 1612 1141 1663 alterum,
1165 1624 1212 1655 vt
1231 1614 1378 1657 nullius

26 1679 172 1734 ingenii
191 1680 443 1735 minimaeque
461 1681 720 1724 doarinae—
738 1685 917 1739 carpebat
939 1683 1112 1726 Sueton.
1137 1684 1278 1743 Calig.
1304 1701 1373 1745 34.

27 1749 175 1806 Itaque
191 1751 366 1808 Virgilii
385 1751 565 1795 Codices
585 1755 633 1795 ad
651 1770 828 1809 paruum
844 1765 935 1797 turn
952 1771 1174 1799 numerum
1190 1759 1376 1802 redfflos

26 1825 142 1868 fuiss'e
162 1825 317 1867 necesse
339 1825 408 1868 est.
450 1827 521 1868 An
540 1828 646 1867 forte
667 1828 763 1868 inde
784 1829 828 1870 in
848 1838 968 1871 tanto
984 1845 1099 1873 nunc
1117 1834 1374 1889 apographo-

27 1912 119 1939 rum
136 1913 308 1939 numero
324 1900 454 1940 mirus
479 1900 548 1940 ille
569 1899 772 1941 librorum
789 1902 914 1942 etiam
931 1903 1201 1946 vetustiorum
1220 1908 1262 1948 in
1280 1922 1374 1948 cor-

26 1971 205 2025 ruptelas
227 1972 446 2014 consensus
463 1972 708 2027 repetendus
731 1973 813 2015 est?
837 1985 906 2026 vt,
930 1990 1027 2016 cum
1045 1976 1132 2031 post
1154 1979 1254 2020 haec
1272 1978 1376 2021 Vir-

24 2044 180 2101 giliana
196 2046 379 2086 carmina
395 2060 446 2086 ex
467 2047 634 2104 pauciS,
659 2062 735 2087 nec
753 2048 860 2088 forte
881 2050 1214 2093 emendatiffimis
1234 2041 1375 2094 exem-

28 2117 210 2173 plaribus
227 2118 578 2171 describerentur,
601 2135 696 2162 vera
717 2122 798 2162 iarn
817 2132 906 2162 tum
929 2123 1052 2165 lecf'tio
1069 2124 1270 2178 periisset3
1291 2141 1377 2181 quo

25 2188 205 2241 factum,
223 2200 268 2232 vt
284 2191 430 2232 frustra
446 2207 559 2233 nunc
577 2208 600 2233 a
620 2193 737 2235 libris
759 2196 989 2246 auxilium,
1008 2198 1078 2237 vbi
1096 2198 1258 2240 haereas
1271 2229 1283 2249 ‚
1301 2213 1377 2239 ex-

25 2263 239 2318 spe&et·ur.
303 2264 501 2306 Exstabat
535 2275 672 2305 tamen
697 2265 870 2322 Virgilii
904 2283 1050 2309 manus
1083 2270 1216 2311 adhuc
1247 2269 1377 2312 Plinii

26 2336 190 2378 maioris
226 2345 357 2378 aetate
394 2338 451 2379 H.
493 2338 553 2378 N.
583 2337 717 2389 XIII,
757 2353 806 2387 12
841 2350 945 2380 extr.
985 2350 1027 2381 et
1062 2342 1375 2397 Qincff'tiliani,

26 2403 126 2459 Inst.
150 2407 188 2461 I,
210 2423 253 2467 7,
277 2424 345 2453 20.
409 2410 583 2468 Virgilii
623 2412 914 2468 idiographum
938 2413 1093 2455 librum
1115 2416 1376 2471 inspectum,

75 2633 96 2655 ⁴
124 2633 178 2673 ita
196 2636 274 2695 leg.
294 2651 381 2680 nam
397 2649 478 2691 opus
496 2639 607 2681 nobile
625 2643 713 2689 effet
732 2643 889 2694 quidem
909 2655 1060 2684 carmen
1088 2645 1264 2698 epicum,
1294 2661 1371 2688 non

22 2687 139 2744 >poesis
160 2700 281 2747 epica-

1308 2783 1375 2832 sed
