1733 3076
342 73 427 133 3¹8
584 70 876 114 P.Vme11.11
895 67 1130 112 Manoms
1154 68 1428 117 GnoRch.
1536 72 1635 120 Lib.
1651 87 1696 138 ς.

346 179 492 233 Atque
513 187 685 224 canum,
702 167 832 228 quid?
853 186 960 226 quae
976 172 1150 215 inbelles
1167 173 1268 216 dant
1283 178 1435 231 praelia
1444 180 1587 224 acervi?
1612 182 1711 241 265,

347 250 521 293 Scilicet
541 255 638 288 ante
657 246 794 287 omnis
810 246 933 287 ,furor
949 245 1005 287 est
1026 245 1197 304 insignis
1216 262 1418 303 equarum
1436 267 1449 294 2

342 321 403 364 Et
423 330 603 363 mentem
625 318 774 361 Venus
794 320 881 374 ipsa
899 319 1029 371 dedit,
1060 335 1146 375 quo
1162 321 1525 377 temporessGlauci

342 392 567 435 Potniades
587 392 708 434 malis
728 393 912 435 membra
933 393 1162 436 absumsere
1182 396 1425 454 quadrigae.

343 465 447 508 Illas
468 466 587 508 ducit
606 481 723 508 amor
745 475 862 507 trans
882 464 1092 524 Gargara,
1124 469 1318 525 transque
1340 471 1554 514 sonantem

343 539 577 581 Ascanium
597 554 607 580 :
640 540 1028 594 superant-montis,
1057 549 1100 581 et
1119 541 1291 583 flumina
1310 552 1493 586 tranant.
1611 559 1695 603 270

345 612 652 668 Continuoque
671 613 802 654 avidis
823 612 893 653 ubi
915 612 1076 655 subdita
1096 613 1260 656 flamma
1279 616 1492 669 medullis,

345 684 459 727 Vere
479 688 611 744 magis
635 686 759 742 (quia
777 682 871 727 vere
892 685 1006 726 calor
1024 686 1138 727 redit
1159 686 1328 742 offibus)
1353 688 1450 729 illae

345 759 436 803 Ore
457 775 600 802 ornnes
620 761 755 802 versae
775 760 820 801 in
842 758 1090 816 Zephyrum
1112 759 1218 802 stant
1237 760 1412 815 rupibus
1434 760 1550 815 altis,

327 833 670 890 'ssExceptan-tque
691 833 794 876 levis
814 847 935 875 auras
954 847 964 873 ι
996 843 1039 875 et
1059 833 1172 888 saepe
1193 831 1274 874 sme
1296 830 1396 874 ullis

345 906 573 965 Conjugiis
593 916 719 948 vento
740 907 931 963 gravidae
955 907 1166 962 (mirabile
1187 904 1331 960 diem)
1613 920 1704 965 2755

345 978 455 1022 Saxa
474 994 549 1035 -per
561 989 608 1021 et
629 980 821 1034 scopulos
840 989 882 1021 et
899 979 1099 1035 depressas
1121 980 1326 1022 convallis

341 1051 627 1110 Diffugiunt3
659 1067 763 1104 non,
795 1051 924 1103 Eure,
957 1061 1072 1105 tuos,
1105 1069 1239 1109 neque
1260 1054 1356 1096 solis
1378 1053 1427 1096 ad
1447 1064 1566 1098 ortus
1585 1075 1600 1107 ς

344 1123 397 1168 In
420 1124 583 1167 Borean
605 1124 898 1181 Caurumque‚
929 1135 1003 1166 aut
1024 1126 1132 1167 unde
1154 1127 1403 1183 nigerrimus
1424 1127 1575 1170 Auster

327 1195 570 1250 'Nascitur,
601 1208 642 1239 et
666 1198 812 1252 pluvio
831 1197 1050 1243 contristat
1071 1199 1222 1255 frigore
1244 1199 1420 1243 caelum.
1719 1253 1722 1260 Ι

344 1271 430 1314 Hic
452 1272 636 1323 demum,
658 1271 942 1328 ‘hippomanes
959 1286 1059 1314 vero
1079 1273 1192 1328 quod
1213 1274 1384 1316 nomine
1403 1275 1553 1318 dicunt
1611 1278 1696 1322 280
1718 1307 1723 1313 ·

343 1344 551 1398 Pastmes,
583 1346 747 1387 lentum
768 1346 948 1388 destillat
968 1347 1018 1388 ab
1044 1347 1215 1404 inguine
1237 1347 1364 1389 virus.

347 1417 653 1475 Hippomanes,
684 1420 799 1476 quod
821 1420 936 1475 saepe
956 1419 1088 1462 malae
1108 1421 1241 1477 legere
1261 1435 1480 1474 novercae,

347 1488 696 1550 Miscueruntque
715 1494 861 1536 herbas
880 1503 924 1535 et
944 1509 1029 1536 non
1051 1495 1227 1536 innoxia
1245 1493 1384 1537 verba.

324 1601 327 1605 Α
346 1564 428 1608 Sed
450 1566 561 1622 fugit
581 1566 755 1618 interea,
788 1567 899 1623 fugit
921 1567 1195 1622 inreparabile
1215 1578 1396 1624 tempus,

348 1636 526 1695 Singula
543 1639 644 1681 dum
663 1641 775 1696 capti
796 1641 1170 1685 circumveQamur
1189 1657 1341 1684 amore.
1614 1643 1695 1698 285

345 1709 440 1752 Hoc
462 1711 558 1753 satis
579 1713 790 1754 armentis.
855 1714 1019 1770 superat
1040 1731 1133 1770 pars
1154 1717 1280 1757 altera
1299 1730 1440 1767 curae,

347 1783 577 1842 Lanigeros
598 1787 754 1843 agitare
774 1801 934 1844 greges,
966 1788 1173 1842 hirtasque
1193 1787 1385 1842 capellas.

346 1857 430 1899 Hic
451 1858 596 1900 labor:
628 1860 728 1901 hinc
749 1859 914 1901 laudem
936 1861 1061 1902 fortes
1083 1860 1236 1914 sperate
1255 1861 1412 1902 coloni.

324 1937 327 1939 ’
345 1926 442 1977 Nec
464 1932 552 1973 sum
574 1933 703 1973 animi
725 1933 895 1985 dubius,
925 1934 1063 1975 verbis
1083 1949 1130 1975 ea
1149 1936 1314 1976 vincere
1334 1949 1536 1991 magnum

348 2003 492 2061 Qam
513 2004 578 2056 sit,
609 2016 652 2047 et
673 2006 855 2063 angustis
875 2008 988 2049 hune
1010 2007 1154 2049 addere
1175 2009 1296 2050 rebus
1318 2009 1533 2050 honorem.
1614 2020 1698 2067 290

348 2077 429 2121 Sed
450 2093 516 2120 me
537 2077 702 2122 Parnafi
723 2081 881 2121 deserta
901 2096 970 2135 per
989 2081 1117 2122 ardua
1137 2081 1273 2124 duleis

348 2149 506 2205 Raptat
527 2166 656 2192 amor.
712 2155 835 2210 juvat
856 2154 912 2194 ire
927 2155 1062 2211 jugis,
1095 2169 1177 2210 qua
1198 2156 1315 2197 nulla
1333 2156 1519 2210 priorum

348 2223 573 2266 Castaliam
594 2225 715 2268 molli
736 2226 962 2270 devertitur
982 2228 1119 2270 orbita
1138 2228 1264 2270 clivo.

401 2431 418 2469 3
427 2420 490 2471 58.
525 2418 795 2469 Hzppomanu]
852 2418 940 2458 The
969 2419 1219 2473 hippomanes
1252 2420 1412 2473 fignifies
1444 2429 1520 2458 two
1552 2419 1702 2473 thing80=

352 2481 386 2510 ι.
407 2473 444 2509 Α
463 2472 606 2509 certain
629 2472 753 2522 liquor
775 2473 857 2510 that
874 2473 976 2512 ssows
998 2474 1094 2512 from
1121 2487 1142 2511 a
1161 2487 1265 2513 mare
1282 2474 1395 2524 ready
1412 2473 1558 2512 tovtake
1576 2474 1696 2512 horse.

349 2537 386 2562 2.
411 2526 472 2563 An
502 2523 744 2563 excrescence
776 2525 822 2564 of
845 2525 932 2564 flesti
966 2528 1091 2566 which
1126 2527 1190 2565 the
1218 2525 1451 2566 new-foaled
1481 2529 1576 2565 colts
1607 2528 1701 2564 have

347 2589 451 2626 upon
471 2577 569 2615 their
593 2576 806 2617 foreheads.
863 2578 947 2618 Itis
969 2579 1098 2625 black,
1129 2580 1268 2625 round,
1297 2580 1373 2617 and
1395 2580 1443 2618 of
1465 2581 1528 2618 the
1552 2577 1703 2632 bigness

345 2628 393 2666 of
414 2642 436 2666 a
454 2629 560 2668 dried
580 2629 646 2682 fig.
703 2633 741 2670 It
776 2630 806 2670 is
839 2633 1050 2683 pretended
1070 2633 1153 2671 that
1180 2631 1281 2671 these
1314 2643 1388 2672 two
1418 2632 1699 2685 hippomanes’s

349 2681 444 2720 have
465 2695 487 2720 a
505 2683 676 2735 peculiar
693 2684 816 2723 virtue
833 2685 872 2724 in
892 2686 1073 2737 Phimes,
1102 2685 1177 2724 and
1196 2686 1305 2725 other
1324 2685 1411 2725 such
1435 2684 1702 2773 compofitiong

1523 2739 1672 2790 defigne
