1733 3076
1692 0 1733 53 ³2¹!

307 132 389 168 222
546 120 594 162 P.
613 119 833 161 Vmoxmr
855 111 1086 159 MARoms
1113 116 1386 162 GeoacrcA«
1492 110 1592 164 I'jib.v
1611 136 1651 165 1³
1699 123 1716 158 ’ἶ

311 217 458 266 Litora
479 222 654 270 misceri,
686 230 963 282 etbnemorum
985 220 1279 262 increbrescere
1300 238 1504 266 murmur.

309 296 407 351 Jarn
431 295 500 335 fibi
523 303 612 333 tum
633 307 655 330 a
676 291 813 332 curvis
834 292 940 332 male
962 301 1160 347 temperat
1184 294 1294 334 unda
1314 296 1483 348 carinis,
1532 280 1535 285 ι
1572 298 1660 353 36σ
1716 295 1733 341 s*

310 368 423 410 Cum
445 366 578 406 medio
600 363 750 404 celeres
771 364 962 405 revolant
982 380 1033 405 ex
1053 379 1228 420 aequore
1249 368 1398 422 mergi,
1720 352 1722 355 V

309 441 633 492 Clamoremque
656 438 794 478 ferunt
814 437 863 477 ad
886 437 1032 478 litora:
1068 453 1248 492 cumque
1269 440 1451 481 marinae

306 513 359 555 In
382 511 488 553 sicco
504 510 657 551 ludunt
679 509 831 550 fulicae
851 524 859 547 t
894 509 1092 564 notasque
1114 511 1282 563 paludes

309 585 492 635 Deserit,
525 593 650 637 atque
670 582 797 622 altam
818 583 937 636 supra
956 583 1069 623 volat
1090 583 1208 624 ardea
1227 586 1396 626 nubem.
1711 630 1713 635 η

306 657 433 714 Saepe
452 658 578 698 etiam
602 656 759 707 stellas,
788 666 913 697 vento
934 658 1204 710 inpendente,
1233 659 1392 700 videbis
1572 659 1657 716 365
1714 637 1733 663 Ἦ

307 732 561 786 Praecipites
583 729 698 770 caelo
719 729 821 779 labi,
854 730 1067 784 noetisque
1089 745 1159 784 per
1182 731 1372 771 umbram

303 804 587 846 Flammarum
609 801 757 856 longos
779 815 802 841 a
823 811 938 857 tergo
960 802 1163 843 albescere
1184 803 1367 844 traetus:

302 877 434 932 Saepe
455 876 586 916 levem
609 875 767 929 paleam
787 884 829 914 et
849 876 1014 917 frondes
1036 878 1208 918 volitare
1229 877 1425 928 caducas,-

303 952 396 992 Aut
417 950 576 990 summa
595 949 736 990 nantis
758 949 801 989 in
824 963 931 1003 aqua
951 950 1173 991 conludere
1195 950 1372 1004 plumas.

303 1024 365 1065 At
388 1021 542 1064 Boreae
563 1021 611 1062 de
633 1031 748 1076 parte
770 1021 901 1061 trucis
924 1036 1021 1062 cum
1043 1021 1260 1072 fulminat,
1292 1030 1333 1061 et
1354 1035 1452 1060 cum
1573 1025 1661 1074 37&
1713 1006 1716 1030 Ἰ

302 1088 493 1151 Eurique
516 1096 790 1151 Zephyrique
812 1104 931 1136 tonat
951 1095 1126 1145 domus3
1159 1093 1300 1133 omnia
1321 1092 1456 1147 plenis

302 1168 421 1209 Rura
441 1177 588 1208 natant
608 1168 736 1218 fossis,
769 1176 896 1223 atque
916 1168 1052 1208 omnis
1074 1168 1214 1208 navita
1234 1174 1365 1225 ponto

302 1241 489 1282 Humida
508 1241 597 1282 vela
618 1241 781 1295 legunt.-
841 1251 1074 1294 numquam
1095 1238 1417 1293 inprudentibus
1438 1236 1570 1278 imber

304 1314 478 1356 Obfuit.
539 1323 612 1354 aut
635 1314 756 1354 illum
778 1314 1012 1369 surgentem
1034 1313 1214 1353 vallibus
1238 1312 1332 1352 imis

302 1388 452 1428 A'e'riae
474 1388 614 1442 fugere
636 1400 782 1441 grues:
818 1396 891 1425 aut
911 1385 1066 1425 bucula
1087 1385 1251 1425 caelum
1573 1385 1657 1439 375

303 1459 541 1513 suspiciens
564 1459 719 1514 patulis
741 1460 925 1512 captavit
944 1459 1113 1499 naribus
1135 1474 1252 1500 auras
1273 1474 1285 1500 z

300 1534 394 1574 Aut
415 1542 561 1589 arguta
581 1534 696 1574 lacus
718 1534 1076 1575 circumvolitavit
1096 1533 1299 1574 hirundo:

301 1605 360 1647 Et
381 1616 558 1648 veterem
581 1608 623 1647 in
650 1608 752 1649 limo
773 1621 895 1648 ranae
916 1607 1103 1647 cecinere
1126 1606 1356 1661 querelam.-

302 1677 473 1731 Saepius
494 1688 534 1719 et
555 1680 673 1720 tectis
697 1678 975 1732 penetralibus
997 1677 1152 1718 extulit
1173 1692 1250 1718 ova

301 1751 539 1806 Augustum
561 1753 736 1793 formica
758 1763 892 1793 terens
913 1753 1007 1803 iter,
1038 1761 1079 1792 et
1101 1752 1208 1792 bibit
1230 1751 1378 1806 ingens
1572 1740 1659 1804 380*

302 1825 468 1865 Arcus:
503 1835 544 1865 et
565 1841 585 1865 e
609 1826 722 1879 pastu
743 1826 943 1866 decedens
966 1826 1129 1881 agmine
1151 1839 1303 1880 magno

303 1897 538 1938 Corvorum
560 1899 769 1951 increpuit
786 1897 915 1938 densis
937 1898 1142 1938 exercitus
1163 1897 1257 1936 alise

298 1968 398 2022 Jam
418 1970 551 2010 varias
574 1970 708 2026 pelagi
730 1971 937 2022 volucres,
959 1981 1000 2011 et
1022 1985 1126 2025 quae
1149 1968 1245 2010 Asia
1267 1969 1427 2008 circum

300 2040 515 2084 Dulcibus
537 2044 579 2083 in
601 2043 754 2099 stagnis
777 2044 983 2084 rimantur
1005 2053 1118 2096 prata
1141 2042 1324 2098 Caystri,

302 2113 508 2156 Certatim
530 2117 666 2172 largos
687 2118 870 2157 humeris
894 2117 1112 2157 infundere
1134 2131 1241 2157 rores
1262 2134 1272 2165 3
1571 2113 1666 2169 385
1714 2135 1716 2138 ·

299 2186 433 2229 Nunc
455 2200 582 2243 caput
602 2183 806 2246 objectare
828 2191 961 2241 fretis,
996 2206 1108 2231 nunc
1129 2204 1291 2230 currere
1312 2189 1356 2229 in
1378 2187 1529 2238 undas,

301 2260 358 2302 Et
379 2261 513 2303 studio
534 2263 734 2304 incassum
754 2262 893 2303 videas
915 2262 1060 2318 gestire
1082 2263 1264 2304 lavandi.v
1287 2263 1290 2267 '

351 2385 444 2436 446.
489 2386 563 2425 The
597 2388 712 2438 heifer
746 2386 901 2438 toffing]
977 2386 1074 2424 This
1105 2386 1315 2438 prognostic
1346 2384 1377 2423 is
1410 2384 1525 2422 taken
1557 2380 1655 2419 from*

301 2438 442 2475 Aratus
461 2455 472 2483 ;
503 2439 577 2476 and
597 2440 615 2476 Ι
635 2439 762 2477 would
781 2439 934 2476 observe
953 2453 1045 2477 once
1067 2440 1123 2477 sor
1152 2441 1220 2483 all,
1250 2439 1332 2476 that
1353 2438 1482 2475 almost
1503 2435 1595 2473 each
1615 2426 1667 2472 os
1708 2450 1733 2506 g

301 2491 367 2527 the
385 2491 482 2541 figns
501 2492 547 2529 of
560 2493 726 2529 weather
746 2505 807 2528 are
828 2492 1023 2530 borrcwed
1045 2492 1138 2542 (and
1157 2491 1295 2530 indeed
1316 2489 1538 2538 beautified)
1560 2487 1658 2527 from

302 2543 383 2580 that
403 2544 556 2582 ancient
575 2545 714 2582 writer.
774 2545 861 2582 The
889 2546 966 2583 line

509 2615 650 2664 Arguta
670 2614 783 2658 lacus,
812 2613 1126 2652 circumvolitavit
1143 2615 1309 2659 hirundo,

303 2678 394 2717 with
416 2678 552 2718 several
574 2682 656 2718 that
676 2681 833 2731 precede
853 2681 929 2719 and
949 2681 1077 2719 follow
1096 2682 1142 2725 it,
1173 2695 1233 2718 are
1254 2680 1408 2731 intirely
1426 2679 1541 2718 taken
1561 2678 1656 2717 with

300 2731 516 2823 {cry-small
536 2734 754 2773 alterations
774 2735 871 2774 from
888 2736 1011 2774 Varro
1031 2735 1235 2781 Atacinus,
1262 2747 1300 2772 as
1320 2748 1407 2786 may
1431 2734 1476 2773 be
1502 2734 1586 2771 seen
1613 2732 1656 2769 in

329 2797 467 2824 ervius.
