1733 3076
312 96 394 140 208
538 91 601 132 t-P.
624 89 848 131 VIRGILII
870 85 1104 128 MARON1s
1128 84 1407 129 GEOKGmA.
1507 87 1605 130 Lib.
1628 103 1668 132 1.

315 197 522 240 Maxuma
542 206 730 249 quaeque
752 204 878 231 manu
900 190 1070 245 legeret:
1129 177 1185 229 fic‘
1203 191 1347 230 omnia
1367 191 1464 232 fatis

313 271 369 313 In
398 271 511 326 pejus
532 281 666 314 ruere,
698 278 745 305 ac
766 272 876 303 retro
903 261 1092 316 sublapsa
1118 261 1276 302 referri.
1585 277 1669 308 2¹00

313 345 420 387 Non
442 342 574 389 aliter,
608 351 734 392 quam
756 336 830 390 qui
852 334 1019 376 adverso
1039 334 1111 376 vix
1133 333 1304 374 flumine
1325 333 1512 376 lembum

316 413 523 470 Remigiis
547 411 703 466 subigit
721 428 737 460 3⁴
768 408 796 449 fi
817 408 991 449 brachia
1009 407 1115 448 forte
1135 405 1306 458 remim,

318 490 464 542 Atque
486 485 608 526 illum
629 485 673 524 in
695 495 886 537 praeceps
909 495 1041 534 prono
1062 480 1170 533 rapit
1191 479 1330 521 alveus
1349 481 1479 521 amni.

316 559 532 601 Praeterea
552 565 636 596 tam
658 556 754 595 sunt
775 553 946 594 Areturi
970 551 1093 592 fidera
1113 554 1252 604 nobis,

317 631 643 684 Haedorumque
663 628 749 668 dies
772 626 974 677 servandi,
1006 635 1048 666 et
1068 626 1233 667 lucidus
1255 626 1422 683 Anguis
1440 645 1453 677 3
1586 624 1670 683 205³*

319 705 465 759 Quam
489 702 642 758 quibus
662 701 703 741 in
727 699 901 754 patriam
922 699 1089 739 ventosa
1111 713 1181 752 per
1201 714 1381 754 aequora
1401 698 1529 740 veritis

318 769 482 820 Pontus
502 785 544 816 et
563 774 736 816 ostriferi
759 774 899 813 fauces
921 781 1137 812 tentantur
1162 772 1317 829 Abydi.

320 847 453 890 Libra
474 847 539 888 die
567 846 781 899 somnique
804 861 919 898 pares
945 846 1015 886 ubi
1045 845 1189 885 fecerit
1209 846 1351 897 horas,

318 922 380 966 Et
405 921 591 962 medium
619 919 703 959 luci
732 929 856 973 atque
878 919 1036 959 umbris
1053 920 1140 974 jam
1168 917 1317 959 dividit
1336 903 1478 960 orbem
1497 933 1507 959 :

320 995 542 1044 Exercete,
573 992 671 1042 viri,
704 1000 873 1041 taur053
907 991 1022 1031 serite
1042 991 1191 1030 hordea
1210 991 1385 1044 campis,
1589 1003 1675 1034 210

319 1069 469 1124 Usque
493 1067 566 1108 sub
587 1075 818 1107 extremum
840 1064 1008 1104 brumae
1030 1063 1303 1105 intra&al)ilis
1326 1064 1519 1105 imbrem.-

318 1141 416 1184 Nec
438 1155 523 1182 non
543 1149 585 1180 et
604 1139 680 1179 lini
704 1138 878 1193 segetem
904 1146 944 1176 et
966 1135 1136 1176 Cereale
1157 1151 1333 1191 papaver

322 1213 518 1268 Tempus
539 1213 667 1253 humo
688 1221 841 1266 tegere,
873 1219 913 1250 et
934 1209 1184 1266 jamdudum
1205 1210 1445 1251 incumbere
1465 1201 1633 1264 ·rastris,¹

323 1286 445 1330 Dum
465 1286 570 1328 ficca
590 1286 738 1328 tellure
755 1285 873 1336 licet,
906 1284 1005 1325 dum
1026 1283 1172 1325 nubila
1189 1283 1386 1337 pendent.

379 1472 467 1510 240.
499 1458 578 1498 ‘The
602 1460 770 1510 terrena]
816 1459 852 1496 It
870 1458 901 1496 is
921 1456 1157 1496 remarkable
1182 1456 1222 1495 in
1247 1455 1393 1508 Virgil,
1422 1456 1505 1495 that
1532 1455 1580 1493 he
1599 1454 1675 1494 fre·

323 1513 486 1562 quently
502 1512 603 1561 joins
622 1512 662 1550 in
678 1513 739 1549 the
761 1512 859 1550 same
872 1511 1043 1553 sentence
1056 1512 1119 1549 the
1139 1510 1327 1561 complete
1342 1509 1417 1546 and
1436 1508 1577 1560 perfect
1587 1521 1675 1559 pre-

326 1566 406 1603 sent
419 1566 513 1603 with
530 1565 593 1603 the
608 1565 795 1603 extended
811 1564 885 1602 and
898 1565 1042 1616 paffing
1053 1563 1226 1615 present3
1243 1562 1368 1602 which
1382 1575 1513 1613 proves
1534 1561 1614 1598 that
1630 1561 1680 1598 he

325 1618 544 1656 confidered
566 1618 631 1656 the
663 1628 752 1662 two,
782 1633 820 1656 as
841 1618 1052 1668 belonging
1071 1626 1110 1654 to
1126 1617 1190 1654 the
1210 1615 1309 1653 same
1328 1614 1467 1666 species
1485 1613 1532 1652 of
1552 1613 1674 1658 time;

323 1670 403 1708 and
418 1670 603 1709 therefore
623 1671 811 1721 naturally
827 1670 974 1709 formed
988 1679 1027 1709 to
1041 1668 1234 1707 co-incide
1253 1667 1345 1708 with
1363 1668 1456 1707 each
1474 1667 1594 1706 other.

502 1772 543 1808 Si
562 1770 712 1809 brachia
723 1770 827 1822 forte
843 1769 984 1819 remisit,

324 1826 440 1874 Atque
456 1822 554 1861 illum
571 1828 610 1862 in
620 1833 782 1874 praeceps
794 1833 901 1873 prono
920 1824 1019 1870 rapit
1036 1819 1163 1858 alveus
1179 1823 1289 1858 amni.
1436 1820 1555 1861 Geor.
1576 1815 1611 1859 Ϊ,

323 1900 365 1944 ‘T
361 1922 442 1945 erra
463 1910 596 1953 tremit,
614 1910 877 1959 fugerefl’rae.
1434 1904 1492 1944 G.
1514 1904 1550 1942 L

325 1991 537 2040 Praefi’rtim
553 1993 594 2043 si
608 1994 782 2041 tempestas
799 2006 823 2028 a
841 1992 977 2028 vertice
982 1989 1106 2039 sylvis

326 2045 507 2090 Incubuit,
531 2046 894 2096 glomeratquefcrens
911 2044 1071 2082 incendia
1090 2053 1233 2081 ventus.
1443 2042 1499 2080 G.
1521 2041 1575 2080 Π.

503 2127 637 2167 ‘Tardis
659 2132 775 2179 ingens
801 2127 1025 2177 ubiflexibus
1051 2138 1150 2165 errat

326 2184 501 2227 Mincius,
522 2193 555 2220 et
572 2193 689 2219 tenera
703 2185 882 2231 praetexit
901 2182 1074 2219 arundine
1093 2183 1206 2230 ripas.
1444 2177 1499 2217 G.
1523 2178 1597 2218 III.

503 2265 577 2305 Illa
595 2276 671 2303 noto
691 2268 811 2309 citius,
836 2262 1040 2314 volucrique
1048 2262 1210 2314 sagittd,

327 2321 391 2357 Ad
403 2330 534 2358 terram
542 2323 666 2371 fugit,
694 2330 727 2356 et
741 2328 846 2368 portu
854 2318 896 2366 st'
914 2318 1068 2355 condidit
1086 2315 1173 2353 alto.
1447 2315 1548 2353 Aen.
1567 2328 1605 2367 5.

379 2404 422 2440 In
445 2404 508 2442 the
528 2404 626 2441 same
646 2415 805 2440 manner
826 2403 873 2440 he
887 2402 989 2453 joins
1022 2401 1086 2439 the
1115 2399 1214 2437 same
1239 2407 1313 2436 two
1337 2396 1611 2436 modifications
1639 2392 1684 2436 of

327 2456 419 2493 time
440 2457 478 2494 in
499 2457 561 2494 the
581 2456 658 2506 past
675 2472 687 2501 ;
718 2456 801 2493 that
820 2455 850 2493 is
869 2467 909 2494 to
929 2455 1007 2506 say,
1037 2453 1102 2492 the
1121 2453 1310 2503 complete
1329 2450 1403 2490 and
1427 2451 1571 2502 perse&
1586 2450 1678 2491 with

328 2510 392 2546 the
408 2509 595 2547 extended
614 2509 690 2546 and
710 2508 869 2560 passing.
1653 2525 1656 2530 ·

379 2628 534 2639 -—--·-
557 2609 746 2647 Irruerant
765 2608 893 2648 Danai
907 2606 952 2647 δ’
970 2613 1093 2647 tellum
1111 2622 1205 2646 omne
1222 2605 1400 2647 tenebant.

1454 2657 1557 2698 Aen.
1573 2651 1632 2705 11.
1682 2690 1695 2704 .

379 2744 465 2784 ‘Tris
483 2746 606 2784 imbris
634 2751 721 2785 torti
738 2749 873 2793 radios,
902 2751 970 2785 tris
988 2743 1092 2785 nubis
1108 2746 1255 2797 aquofioe

379 2801 620 2845 Addiderunt,
650 2801 762 2840 rutuli
777 2805 844 2840 tris
864 2803 974 2853 ignis,
1003 2811 1035 2839 et
1053 2799 1155 2838 alitis
1173 2800 1304 2850 austri,
