1733 3076
283 130 367 179 310
493 117 541 162 P.
565 118 790 163 Vmonn
813 117 1046 162 MARONIS
1073 119 1350 164 Gssonmcssi.
1470 122 1567 169 Lib'.
1588 143 1629 186 3,.

283 224 378 271 Hoc
399 226 608 282 quondam
630 223 813 266 monstro
831 222 1043 264 horribilis
1063 224 1251 265 exercuit
1271 225 1352 267 iras

284 297 481 341 Inachiae
503 295 620 349 Juno
639 295 785 350 pestem
808 294 1004 336 meditata
1020 297 1240 353 juvencae.

282 365 413 411 Hunc
437 383 622 423 quoque,
654 383 751 410 nam
774 368 919 410 mediis
941 366 1170 410 fervoribus
1191 370 1322 412 acrior
1344 371 1482 424 instat,

283 441 462 486 Arcebis
485 442 658 497 gravido
678 442 834 497 pecori,
867 451 1136 497 armentaque
1157 443 1294 497 pasces
1557 461 1636 510 ¹55

285 514 383 558 Sole
405 528 549 555 recens
570 525 680 565 orto,
712 525 785 556 aut
807 515 970 555 noetem
991 515 1241 556 ducentibus
1264 515 1392 559 astris.

282 585 378 633 Post
400 597 563 642 partum
585 602 685 629 cura
708 589 751 628 in
774 587 929 629 vitulos
951 589 1185 630 traducitur
1204 590 1368 630 omnis:

283 659 589 716 Continuoque
611 671 731 702 notas
752 670 793 701 et
816 662 986 702 nomina
1006 662 1145 717 gentis
1167 662 1367 702 inurunt:

283 732 342 775 Et
363 748 468 788 quos
494 743 565 775 aut
588 734 723 788 pecori
748 733 899 775 malint
921 735 1161 776 submittere
1182 735 1389 786 habendo,

282 807 375 848 Aut
396 806 476 848 aris
498 804 650 850 servare
672 806 823 858 sacros,
855 817 925 848 aut
948 802 1128 850 scindere
1148 819 1316 859 terram,
1553 810 1633 853 '160

281 878 341 921 Et
361 894 555 934 campum
578 881 809 921 horrentem
832 880 972 922 fraffis
995 881 1196 923 invertere
1221 883 1370 939 glebis.

281 950 434 993 Cetera
454 952 678 1007 pascuntur
697 952 841 994 viridis
863 962 1047 995 armenta
1069 969 1139 1009 per
1159 956 1320 998 herbas.

281 1025 362 1068 Tu
384 1041 490 1082 quos
512 1026 560 1067 ad
583 1025 762 1067 studium
785 1035 908 1081 atque
929 1027 1047 1067 usum
1069 1028 1267 1070 formabis
1288 1028 1501 1086 agrestem,

282 1099 380 1154 Jam
403 1099 560 1141 vituios
581 1100 761 1149 hortare,
793 1099 988 1154 viamque
1008 1101 1141 1144 infiste
1161 1102 1376 1152 domandi,

280 1171 402 1216 Dum
424 1172 566 1214 faciles
587 1171 716 1212 animi
732 1172 955 1228 juvenum,
988 1171 1086 1213 dum
1107 1174 1273 1215 mobilis
1294 1183 1418 1215 aetas.
1554 1175 1631 1229 165

281 1247 348 1288 Ac
370 1245 550 1301 primum
571 1234 685 1286 la'xos
707 1242 822 1286 tenui
843 1241 891 1282 de
911 1242 1068 1285 vimine
1089 1245 1239 1286 circlos

281 1317 452 1361 Cervici
475 1317 666 1359 subneete
687 1330 698 1357 :
731 1315 900 1366 dehinc,
932 1316 1002 1359 ubi
1023 1317 1154 1358 libera
1172 1317 1282 1359 colla

282 1390 462 1434 Servitio
482 1391 710 1441 adfuerint,
741 1388 835 1445 ipfis
855 1404 876 1430 e
898 1389 1116 1445 torquibus
1137 1400 1254 1445 aptos

281 1463 423 1522 Junge
445 1454 560 1517 pares
580 1477 590 1503 t
623 1472 665 1504 et
685 1477 788 1522 coge
809 1462 981 1519 gradum
1002 1463 1188 1505 conferre
1203 1465 1435 1520 juvencos:

280 1539 428 1592 Atque
451 1536 537 1579 illis
556 1538 646 1595 jam
668 1536 781 1593 saepe
802 1544 913 1576 rotae
934 1534 1141 1576 ducantur
1161 1536 1304 1578 inanes
1555 1550 1635 1595 170

278 1608 358 1652 Per
379 1618 555 1661 terram,
578 1618 623 1650 et-
640 1609 801 1651 summo
821 1606 992 1663 vestigia
1012 1607 1181 1662 pulvere
1201 1607 1377 1666 signent.

279 1681 377 1725 Post
397 1682 537 1725 valido
558 1684 697 1723 nitens
721 1682 793 1723 sub
815 1680 995 1735 pondere
1017 1677 1181 1735 faginus
1201 1682 1289 1722 axis

281 1754 500 1810 Instrepat‚
529 1765 570 1796 et
584 1756 754 1813 jun&os
776 1765 887 1796 temo
908 1755 1043 1794 trahat
1064 1767 1203 1793 aereus
1224 1756 1348 1795 orbis.

280 1827 448 1870 Interea
470 1829 567 1883 pubi
592 1828 815 1870 indomitae
837 1841 921 1868 non
943 1827 1129 1882 gramina
1149 1836 1330 1876 tantum,

278 1899 375 1942 Nec
397 1900 532 1941 vescas
555 1900 725 1940 salicum
747 1899 929 1950 frondes,
962 1899 1183 1953 ulvamque
1205 1899 1440 1954 palustrem,
1552 1913 1630 1957 175

282 1972 362 2014 Sed
386 1974 596 2014 frumenta
618 1988 745 2015 manu
766 1988 907 2028 carpes
931 1973 1014 2013 sata
1033 1987 1043 2012 ;
1078 1987 1154 2012 nec
1177 1972 1252 2014 tibi
1275 1972 1422 2023 foetae,

279 2044 404 2088 More
426 2056 606 2100 patrum,
639 2046 758 2089 nivea
779 2046 1000 2100 inplebunt
1021 2045 1259 2087 mulnstraria
1279 2060 1445 2097 vaccae,

280 2120 358 2163 Sed
382 2130 469 2162 tota
491 2121 532 2161 in
555 2119 689 2160 dulcis
711 2118 1102 2161 consument'ubera
1123 2129 1286 2174 gnatos.

281 2193 357 2238 Sin
379 2195 426 2239 ad
445 2194 554 2236 bella
571 2194 703 2250 magis
724 2192 921 2246 studium,
954 2192 1190 2247 turmasque
1211 2193 1385 2242 feroces,

336 2347 424 2386 226.
457 2348 657 2385 C0r11e22i0n
683 2345 802 2397 bear.]
849 2347 929 2386 Mr.
963 2347 1122 2399 Dryden
1157 2345 1257 2385 talks
1286 2345 1375 2383 here
1406 2347 1444 2382 ot
1473 2343 1633 2398 sending

284 2401 347 2437 the
369 2400 503 2439 calfto
525 2400 665 2443 school,
691 2400 913 2453 restraining
940 2400 1019 2438 him
1053 2400 1148 2439 from
1179 2400 1242 2438 the
1274 2397 1347 2438 bad
1374 2398 1565 2448 examples
1593 2400 1639 2436 of

282 2453 347 2490 the
365 2451 500 2496 world,
530 2453 605 2491 and
623 2452 842 2504 instrucling
863 2454 941 2491 him
960 2452 999 2491 in
1025 2453 1142 2491 mov-al
1164 2459 1349 2502 precept-5.
1406 2449 1532 2503 Virgil
1553 2451 1632 2502 says

281 2505 389 2556 only,
416 2506 626 2557 adstaa'iam
644 2516 676 2544 et
695 2506 786 2556 usum
804 2509 967 2558 agrestem
987 2508 1064 2545 dum
1070 2505 1205 2559 faciles
1222 2505 1345 2544 animi.
