1733 3076
316 150 458 203 PER
503 152 763 203 ANNOS
811 154 1193 202 DIGESTA.
1382 170 1434 216 51

135 256 367 324 Virgilium
403 265 585 321 Neapoli
622 262 933 320 Georgicorum
965 274 1124 320 partem
1156 272 1264 305 certe
1295 272 1432 305 extre-

77 345 187 381 mam
209 337 547 394 pertexuiffe,.ex
569 337 642 377 lib.
667 336 733 376 IV
756 346 863 376 extr.
888 338 1149 379 manifestum
1170 336 1252 388 est,
1288 336 1315 378 fi
1338 352 1432 379 ver-

77 413 142 453 sus
175 412 239 452 illi
275 413 325 452 ab
360 412 449 452 eius
484 425 609 450 manu
646 410 754 450 sunt.
819 409 920 450 Erat
954 426 1000 450 ea
1031 412 1127 451 vrbs
1150 410 1371 451 illustrium
1391 419 1435 451 et

76 484 495 525 doc‘J'torumssvirorum
516 481 661 523 secessu
694 482 767 522 illa
797 492 927 523 aetate
958 483 1149 538 inprimis
1173 484 1363 535 celebris,
1388 493 1436 526 vt

22 546 26 549 i
74 558 162 597 otio
195 572 241 598 ac
273 556 499 597 leuioribus
531 554 672 596 studiis
709 555 745 595 se
786 555 842 594 ibi
883 557 1208 597 committerent.
1272 557 1319 598 In
1354 557 1434 599 otia

75 640 208 671 natam
229 630 495 684 Parthenopen
524 627 710 670 Ouidius
745 627 925 682 appellat
954 628 1065 669 Met.
1090 627 1206 679 XV,
1241 642 1337 684 712.
1384 644 1427 671 v.

76 701 224 743 Horat.
246 701 380 757 Epod.
402 700 470 752 V,
491 715 561 758 43.
587 702 728 756 ibique
745 699 920 742 Gesner.
943 701 1123 743 Statium
1143 700 1248 742 Silu.
1269 699 1363 752 III,
1387 712 1430 756 5⁸

77 774 145 828 85.
182 772 333 813 Silium
357 771 477 825 XII,-
513 789 579 830 31.
614 773 883 829 inprimisque
914 774 1161 815 Strabonem
1183 773 1241 814 V.
1266 790 1305 828 p.
1332 775 1430 831 378·

72 844 149 888 Cf.
174 846 347 888 Camilli
370 846 580 904 Peregrini
602 847 877 902 Campaniam
899 848 1012 888 felic.
1037 846 1145 888 Diss‘.
1168 845 1227 886 II.
1255 846 1279 902 ᾗ
1303 860 1371 889 21.

130 919 272 960 Etiam
293 921 492 962 Aeneidis
515 920 753 962 condendae
781 919 923 974 paullo
950 920 1073 960 altius
1106 919 1285 973 petitum
1313 917 1432 962 fuiffe

72 990 320 1042 confilium,
348 991 435 1045 post
454 991 681 1046 Spencium
703 992 745 1033 in
763 991 969 1048 Polymet.
993 990 1167 1046 Dialog.
1192 988 1277 1030 III.
1297 1005 1336 1044 p.
1361 991 1430 1033 18·

73 1072 293 1104 autumant
313 1065 390 1104 viri
413 1064 523 1105 doffi
540 1095 553 1116 ‚
586 1076 632 1107 vt
654 1066 862 1107 summum
882 1067 1004 1108 vnius
1026 1065 1246 1119 imperium
1265 1073 1305 1104 et
1325 1078 1430 1119 gen-

70 1145 155 1176 tem
176 1135 330 1179 Iuliam
352 1138 450 1180 fatis
471 1139 506 1179 ei
532 1139 706 1195 imperio
726 1139 967 1182 destinatam
988 1137 1192 1179 Romanis
1214 1151 1432 1185 commen*

69 1207 196 1250 daret.-

608 1269 666 1311 V.
701 1269 755 1312 C.
790 1283 888 1328 725.

311 1341 456 1401 Caesar
476 1344 720 1386 Οὲῗαιιίαηκς
747 1343 794 1388 V.
857 1345 962 1386 Sext.
987 1343 1189 1399 Apuleius.

483 1433 521 1458 a.
556 1418 603 1459 C.
638 1432 706 1475 29.
770 1416 936 1472 Virgilii
956 1420 1018 1471 ἓξ.

129 1478 315 1529 Decreto
337 1487 514 1530 Senatus
536 1488 665 1532 Ianus
687 1491 850 1532 clausus
885 1489 953 1530 est.
993 1506 1033 1532 v.
1061 1489 1151 1530 Dio
1172 1487 1258 1539 LI,
1299 1498 1354 1531 20
1387 1491 1435 1530 et·

70 1559 130 1601 ibi
165 1569 254 1601 not.
317 1560 419 1616 Qo
439 1559 646 1616 Virgilius
681 1561 891 1617 respexisse
923 1563 1103 1604 creditur
1123 1563 1233 1603 Aen.
1264 1560 1311 1612 I,
1345 1572 1429 1616 295

72 1655 93 1664 -
107 1646 204 1688 300-
224 1632 372 1693 Aspera
392 1646 471 1676 tum
487 1635 616 1691 positis
631 1635 820 1694 mitestent
835 1636 967 1693 secula
982 1636 1089 1677 bellis
1104 1657 1160 1667 -
1176 1635 1286 1676 dirae
1301 1633 1426 1674 Clau-

68 1713 210 1754 dentur
229 1710 318 1751 belli
332 1719 467 1766 portae
484 1725 499 1750 .·
529 1710 587 1750 vti
613 1725 652 1750 v.
678 1709 775 1765 296.
802 1709 913 1751 Cana
945 1709 1060 1751 Fides
1089 1719 1124 1750 et
1146 1707 1280 1763 Vesta,
1308 1706 1429 1748 Remo

70 1787 303 1844 cumfratre
324 1783 526 1842 „Quirinus
547 1783 646 1824 Iura
679 1783 848 1834 dabunt,
880 1782 930 1824 ad
959 1781 1189 1824 Censuram
1215 1782 1296 1822 hoc
1319 1794 1432 1822 anno

70 1874 94 1902 a
108 1858 281 1901 Caesare
294 1889 308 1910 ‚
331 1857 505 1898 affumto
522 1854 591 1896 M.
610 1858 798 1913 Agrippa
815 1856 976 1912 collega
990 1885 1004 1908 ,
1028 1855 1176 1896 agiam.
1207 1853 1296 1895 Dio
1313 1850 1428 1904 LII,

70 1949 142 1991 42.
204 1934 260 1975 A.
284 1933 324 1974 d.
348 1930 481 1974 VIII.
505 1926 612 1972 VII.
645 1939 687 1971 et
708 1928 791 1971 VI.
817 1928 881 1970 Id.
907 1928 1024 1971 Sext.
1047 1939 1128 1969 tres
1161 1927 1347 1969 Caesaris
1377 1939 1431 1968 ex

72 1999 227 2050 Afia‘et
243 2005 426 2049 Graecia
443 2005 606 2046 reducis
623 2002 824 2057 triumphi
842 2003 1004 2052 habiti,
1026 2017 1132 2043 vnus
1153 2016 1205 2042 ex
1222 1999 1398 2055 Illyrico
1413 2028 1429 2049 ‚

71 2082 174 2123 alter
195 2096 245 2123 ex
265 2081 441 2122 Actiaca
460 2078 632 2121 vietoria
647 2108 661 2129 ‚
686 2077 832 2118 tertius
855 2076 903 2117 de
926 2074 1150 2131 Cleopatra
1169 2084 1211 2115 et
1230 2074 1429 2129 Aegypto

71 2153 252 2197 subaera.
294 2169 336 2195 v.
359 2152 447 2195 Dio
469 2151 556 2203 LI,
583 2165 650 2194 21.

127 2227 196 2268 Ad
236 2227 350 2268 hunc
383 2239 540 2267 annum
573 2224 759 2266 Caesaris
785 2224 834 2264 de
864 2223 1037 2277 imperio
1067 2218 1314 2274 deponendo
1351 2217 1427 2258 ha-
1496 2219 1500 2227 “

71 2303 159 2344 bita
191 2315 288 2342 cum
314 2300 506 2357 Agrippa
537 2308 578 2338 et
610 2296 856 2338 Maecenate
891 2293 1143 2336 consultatio
1165 2291 1356 2346 pertinet.
1383 2304 1425 2331 v.

72 2375 161 2418 Dio
182 2373 283 2415 LII.
308 2388 368 2428 pr.
432 2372 550 2427 Quas
573 2371 759 2426 Virgilio
783 2384 829 2410 ea
859 2369 903 2409 in
926 2382 968 2407 re
993 2374 1127 2421 partes
1148 2363 1334 2405 dederint
1357 2362 1425 2402 in-

0 2430 2 2483 f
69 2449 154 2503 epti
171 2445 477 2496 Grammatici,
510 2460 550 2486 v.
575 2445 618 2485 in
640 2443 812 2485 Donato
835 2441 860 2498 ᾗ
884 2442 952 2497 78.

0 2490 5 2591 ξ
130 2521 224 2563 Hoc
255 2530 326 2562 aut
350 2520 554 2574 superiore
589 2532 699 2559 anno
730 2515 868 2557 Dacas
896 2523 1007 2553 trans
1038 2510 1190 2552 Istrum
1213 2523 1311 2550 cum
1341 2507 1426 2549 Ba-

0 2591 8 2650 l
71 2594 246 2646 scamis,
282 2592 438 2635 Moefis
477 2602 519 2634 et
551 2591 644 2632 aliis
679 2589 844 2645 populis
884 2587 996 2628 bello
1030 2585 1196 2626 adortus
1234 2591 1320 2623 erat
1353 2579 1423 2623 M.

0 2651 11 2738 ξ
74 2667 264 2710 Crassus:
289 2667 338 2709 de
358 2682 439 2723 qua
458 2665 721 2720 expeditione
741 2678 781 2705 v.
809 2661 897 2704 Dio
919 2658 1006 2712 LI,
1030 2672 1098 2703 22.
1135 2672 1191 2714 23
1213 2657 1306 2712 sqq.
1326 2654 1425 2695 Vn-

0 2739 14 2799 ἢ
72 2742 122 2784 de
137 2741 274 2784 versus
291 2737 464 2796 Virgilii
485 2741 632 2781 duetus
651 2736 735 2779 Ge.
761 2734 804 2776 II
822 2767 834 2788 ,
857 2749 956 2791 497.
979 2741 1048 2774 aut
1064 2732 1258 2774 coniurato
1278 2729 1426 2786 descen-

0 2788 5 2809 1'
71 2815 313 2870 dens-Dacus
328 2815 376 2857 ab
393 2815 502 2871 [stro.
527 2813 579 2854 A.
599 2812 669 2856 M.
688 2812 880 2854 Antonio
896 2810 944 2851 ad
963 2808 1196 2851 societatem
1212 2815 1252 2846 et
1269 2801 1428 2844 auxilia

635 2884 672 2927 E
703 2899 727 2930 2
1260 2872 1426 2918 ferenda

11 2943 22 3049 -..a-..nm
9 2873 18 2933 ..⁵⁸:-
