1733 3076
275 138 355 168 102
529 124 578 167 P.
604 125 828 170 VIRGILH
852 122 1085 167 MARoms
1109 125 1375 174 Bucomczx.
1475 128 1574 171 Ecl.
1593 145 1635 188 3.

275 231 414 273 Lenta
436 234 588 287 quibus
611 242 734 272 torno
758 230 874 271 facili
898 230 1159 285 superaddita
1182 232 1282 273 vitis

274 302 466 344 Diffusos
487 304 607 343 edera
628 302 746 343 vestit
770 304 957 357 pallente
979 307 1218 361 corymbos.

274 373 326 415 In
351 375 487 415 medio
509 375 592 414 duo
615 373 746 431 figna,
770 374 924 417 Conon
943 392 950 417 :
986 388 1026 418 et
1049 379 1142 433 quis
1165 379 1246 418 fuit
1267 378 1388 431 alter,
1580 395 1640 438 40

275 447 504 501 Descripfit
525 449 641 489 radio
664 459 802 490 totum
824 450 896 505 qui
919 452 1117 506 gentibus
1140 453 1302 503 orbem,

275 521 492 575 Tempora
515 538 620 577 quae
642 523 805 575 messor,
839 518 944 579 quae
968 539 1121 566 curvus
1144 536 1280 565 arator
1299 525 1498 567 haberet?

275 593 472 636 Necdum
496 595 577 636 illis
600 596 715 637 labra
737 598 918 649 admovi,
953 599 1016 639 sed
1039 598 1208 639 condita
1230 598 1360 639 servo.

809 669 1108 712 DAMOETAS.

273 741 329 783 Et
353 742 474 782 nobis
499 742 607 783 idem
629 741 882 784 Alcimedon
906 744 990 784 duo
1013 745 1167 799 pocula
1189 745 1309 795 fecit,

270 814 327 856 Et
349 815 468 856 molli
491 816 653 858 circum
675 817 731 857 est
749 818 865 860 ansas
887 819 1105 873 amplexus
1129 819 1327 868 acantho,
1579 832 1634 875 45

269 889 528 944 Orpheaque
551 890 594 931 in
617 890 753 931 medio
776 891 930 945 posuit,
964 890 1165 947 silvasque
1191 892 1415 947 sequentis.

271 962 471 1005 Necdum
495 965 579 1006 illis
603 965 718 1005 labra
740 965 921 1015 admovi,
958 965 1021 1005 sed
1045 966 1217 1006 condita
1239 966 1367 1006 servo.

272 1034 315 1077 Si
340 1036 388 1076 ad
410 1036 585 1077 vitulam
610 1037 781 1091 specstas,
816 1038 923 1078 nihil
946 1038 1003 1079 est
1025 1038 1136 1094 quod
1159 1038 1312 1093 pocula
1333 1037 1492 1079 laudes.

807 1111 1096 1154 MENALCAS.

269 1182 508 1238 Nunquam
531 1183 652 1224 hodie
675 1182 865 1240 effugies.
901 1185 1066 1226 veniam
1088 1199 1346 1240 quocunque
1368 1185 1546 1225 vocaris.
1574 1211 1580 1218 ·

268 1256 428 1297 Audiat
450 1257 551 1298 haec
575 1266 742 1297 tantum
759 1257 824 1297 vel
848 1258 919 1312 qui
942 1258 1087 1298 venit:
1121 1272 1236 1308 ecce,
1261 1256 1516 1299 Palaemon:
1579 1271 1636 1313 50

270 1329 464 1372 Efficiam
488 1330 656 1384 posthac
680 1345 936 1386 quemquam
958 1347 1009 1372 ne
1026 1347 1129 1373 voce
1154 1331 1336 1373 lacessas.

800 1403 1102 1446 DAMOETAS.

268 1476 389 1530 Qun
415 1492 505 1533 age,
540 1476 567 1518 fi
590 1478 692 1532 quid
714 1479 868 1528 habes;
902 1479 947 1518 in
968 1493 1033 1518 me
1054 1494 1168 1520 mora
1188 1495 1274 1520 non
1295 1480 1374 1520 erit
1395 1478 1502 1530 ulla,

268 1551 363 1591 Nec
390 1566 643 1605 quemquam
668 1552 800 1606 fugio.
837 1560 1021 1603 tantum,
1053 1553 1193 1593 vicine
1215 1553 1460 1604 Palaemon,

269 1625 463 1667 Senfibus
486 1628 586 1667 haec
609 1627 704 1667 imis
730 1627 813 1681 (res
835 1625 891 1666 est
913 1640 998 1667 non
1022 1627 1169 1681 parva)
1193 1641 1390 1682 reponas.

800 1699 1092 1741 PALAEMON.

267 1770 436 1812 Dicite:
471 1770 814 1826 quandoquidem
837 1773 880 1813 in
902 1774 1024 1813 molli
1044 1773 1307 1814 consedimus
1329 1773 1472 1814 herba.
1577 1783 1630 1828 55

267 1843 324 1885 Et
347 1860 462 1886 nunc
484 1846 622 1886 omnis
645 1860 758 1901 ager,
793 1861 907 1887 nunc
929 1847 1068 1887 omnis
1091 1849 1271 1902 parturit
1292 1848 1430 1898 arbos,

267 1918 401 1959 Nunc
427 1919 624 1959 frondent
646 1918 784 1968 filvae,
819 1933 933 1959 nunc
957 1919 1265 1961 formoslffimus
1287 1935 1439 1961 annus.

266 1990 431 2046 Incipe,
465 1991 702 2043 Damoeta3
738 2002 784 2031 tu
806 1991 953 2032 deinde
975 1992 1160 2047 sequere,
1193 1991 1412 2035 Nienalca.

268 2066 460 2107 Alternis
485 2066 634 2107 dicetis
654 2081 662 2106 ;
698 2077 841 2106 amant
861 2065 1023 2106 alterna
1043 2065 1273 2107 Camenae.

262 2195 294 2212 ‘⁴'
323 2189 489 2242 thought
511 2189 573 2226 the
594 2189 685 2227 laws
705 2188 751 2226 of
763 2189 911 2228 honour
931 2203 1026 2226 were
1048 2189 1231 2234 violated,
1253 2188 1290 2226 if
1303 2203 1378 2240 any
1395 2188 1463 2227 but
1478 2189 1628 2241 gentle-

264 2248 294 2263 “
328 2257 432 2287 men,
454 2257 496 2280 or
513 2254 551 2280 at
568 2243 654 2280 least
672 2242 776 2280 those
794 2244 876 2280 that
892 2256 988 2280 were
1005 2242 1208 2293 reputably
1225 2242 1336 2287 born,
1358 2241 1541 2294 prastised
1558 2241 1632 2280 this

263 2300 294 2316 “
325 2307 406 2340 art;
439 2296 513 2334 and
549 2295 659 2333 made
695 2309 715 2332 a
748 2297 949 2346 perpetual
983 2295 1219 2347 prohibition
1256 2297 1339 2333 that
1367 2295 1482 2334 ssaves
1517 2308 1632 2333 never

264 2354 295 2369 ‘¹
327 2349 457 2386 ihould
480 2349 525 2385 be
544 2349 730 2387 admitted
753 2361 791 2387 to
816 2351 921 2387 learn
952 2350 997 2387 it.
1054 2350 1189 2387 Hence
1214 2348 1245 2386 it
1267 2348 1297 2386 is
1319 2349 1402 2386 that
1421 2361 1475 2386 we
1496 2347 1553 2385 see
1580 2361 1631 2386 no

263 2405 296 2422 “
326 2403 538 2439 celebrated
560 2403 681 2453 pieces
698 2403 743 2440 uf
757 2406 930 2454 carving,
950 2401 1098 2440 neither
1111 2401 1158 2439 of
1170 2405 1389 2452 engraving,
1419 2416 1459 2438 or
1477 2400 1628 2446 relievo,

263 2458 295 2474 “
329 2453 553 2506 [Toreutice]
577 2456 675 2494 done
699 2456 746 2506 by
768 2469 842 2507 any
862 2455 996 2507 person
1017 2457 1058 2493 in
1080 2455 1142 2493 the
1163 2455 1301 2506 degree
1317 2455 1397 2491 ofa
1417 2453 1562 2492 ssave.''

1122 2508 1219 2546 Nat.
1239 2507 1339 2547 Hist.
1364 2507 1402 2546 b.
1421 2521 1485 2561 35.
1508 2520 1542 2547 c.
1566 2519 1624 2547 ιο.
1677 2524 1683 2530 ’
