1733 3076
277 123 366 184 348
520 118 825 164 RVmoun
844 104 1390 181 MARomsGssoRch.
1476 79 1645 176 Lib.4i.
1692 111 1693 114 ’

275 229 472 283 Utraque
492 225 557 267 vis
579 224 728 278 apibus
752 220 906 277 pariter
926 217 1176 261 metuenda:
1210 232 1349 275 neque
1370 217 1468 262 illae

272 298 582 355 Nequidquam
603 295 649 336 in
670 294 792 337 τεθείς
814 294 1006 335 certatim
1027 294 1174 335 tenuia
1189 302 1290 335 ‘cera

277 372 540 428 spiramenta
560 368 723 420 linunt,
756 368 941 423 sucoque
961 377 1004 408 et
1026 368 1202 409 floribus
1224 381 1314 408 oras

271 443 484 498 Explent‚
516 439 842 502 conlee'wmque
862 442 964 483 haec
988 441 1075 496 ipsa
1096 441 1145 482 ad
1169 455 1342 482 munera
1363 440 1538 498 gluten,
1593 456 1650 499 40
1704 464 1718 470 =

276 517 336 559 Et
357 517 471 558 visco
489 524 531 556 et
552 508 761 571 Phrygiae
782 515 944 557 servant
965 516 1056 570 pice
1079 514 1235 557 lentius
1258 513 1373 556 Idae.

273 588 404 645 Saepe
423 589 550 630 etiam
570 583 721 628 effoffis
756 584 808 642 (fi
827 601 925 629 vera
943 587 999 629 est
1020 586 1154 640 fama)
1188 576 1359 629 latebris

273 661 365 705 Sub
387 670 514 702 terras
536 653 678 702 fovere
696 660 845 712 larem,
878 661 1130 717 penitusque
1152 671 1335 717 repertae

272 734 606 789 Pumicibusque
628 734 760 785 cavis,
790 734 1016 792 exesaeque
1037 736 1196 778 arbori&
1219 745 1355 785 antro.

273 809 353 851 Tu
375 818 514 850 tamen
535 823 556 848 e
578 808 660 848 levi
682 807 832 850 rimosa
853 809 1016 851 cubilia
1037 810 1142 851 limo
1596 822 1652 866 45

274 884 436 941 Ungue
460 884 607 924 fovens
629 882 811 934 circum,
843 892 885 923 et
901 896 1015 924 raras
1038 883 1288 941 superinjice
1310 883 1487 925 frondis.

271 957 376 1001 Neu
399 957 571 1013 propius
593 955 714 997 teilis
736 964 883 997 taxum
906 954 1008 1008 fine,
1040 972 1144 998 neve
1167 957 1359 999 rubentis

277 1032 368 1074 Ure
390 1033 487 1073 foco
509 1044 704 1081 cancros,
739 1030 847 1070 altae
869 1043 952 1070 neu
974 1029 1095 1070 crede
1118 1029 1261 1084 paludi
1281 1044 1290 1070 ε

278 1105 370 1148 Aut
391 1104 463 1145 ubi
485 1103 588 1144 odor
609 1103 729 1143 coeni
753 1103 910 1158 gravis,
943 1112 1018 1143 aut
1039 1104 1110 1144 ubi
1135 1119 1322 1146 concava
1345 1103 1467 1158 pulsu

277 1179 388 1221 Saxa
409 1178 577 1228 sonant,
609 1175 810 1231 vocisque
831 1173 989 1215 offensa
1010 1175 1181 1216 resultat
1204 1177 1358 1233 imago.
1597 1189 1654 1233 50

277 1253 410 1310 Qod
433 1249 627 1306 superest,
663 1249 736 1290 ubi
761 1248 920 1304 pulsam
945 1248 1125 1290 hiemem
1149 1249 1206 1290 sol
1230 1264 1376 1292 aureus
1398 1250 1487 1307 egit

279 1326 366 1369 Sub
390 1337 536 1376 terras,
570 1323 822 1379 caelumque
844 1321 992 1364 aestiva
1012 1322 1108 1364 luce
1131 1323 1327 1376 reclufit3

277 1401 385 1444 Illae
406 1400 614 1442 continuo
636 1397 764 1439 saltus
786 1396 988 1453 silvasque
1010 1407 1250 1454 peragrant,

275 1473 594 1530 purpureosque
616 1480 784 1514 metunt
805 1471 944 1522 flores,
976 1480 1019 1513 et
1040 1471 1218 1513 fiumina
1240 1471 1378 1512 libant

278 1549 454 1592 Summa
475 1547 600 1589 leves.
663 1545 766 1586 hinc
788 1543 930 1586 nescio
953 1558 1037 1600 qua
1058 1544 1281 1586 dulcedine
1304 1546 1435 1587 laetae
1524 1534 1527 1536 v
1601 1558 1655 1602 55

279 1621 529 1679 Progeniem
551 1618 756 1674 nidosque
778 1619 949 1660 fovent:
985 1612 1087 1660 hinc
1113 1628 1199 1660 arte
1221 1621 1399 1662 recentis

282 1695 520 1738 Excudunt
540 1707 673 1743 ceras,
705 1700 747 1734 et
767 1693 893 1734 mella
915 1694 1081 1734 tenacia
1102 1692 1288 1750 fingunt.

282 1767 400 1810 Hinc
423 1767 494 1808 ubi
511 1768 599 1824 jam
619 1764 810 1807 emissum
832 1767 971 1807 caveis
993 1768 1042 1807 ad
1066 1766 1192 1808 sidera
1215 1767 1321 1808 caeli

282 1841 400 1885 Nare
421 1854 493 1897 per
513 1838 706 1880 aestatem
727 1839 933 1895 liquidam
957 1840 1182 1895 suspexeris
1205 1855 1374 1897 agmen,

284 1915 612 1969 obscuramque
633 1911 741 1953 trahi
763 1920 891 1953 vento
912 1912 1113 1955 mirabere
1135 1911 1321 1969 nubem&
1605 1913 1662 1955 60

284 1987 612 2042 Contemplator
632 2000 641 2027 :
677 1999 805 2040 aquas
826 1983 983 2036 dulcis,
1015 1995 1057 2026 et
1079 1987 1250 2028 frondea
1274 1988 1431 2042 semper

292 2062 437 2105 Teci‘ca
462 2070 630 2118 petunt.
692 2059 777 2100 huc
799 2068 846 2099 tu
862 2058 996 2118 jussos
1017 2059 1214 2117 adsperge
1238 2061 1397 2115 sapoes,

341 2269 404 2323 56.
439 2266 519 2307 <The
534 2268 704 2318 red’ning
721 2265 863 2318 crabs.]
907 2264 1006 2304 This
1027 2268 1122 2306 must
1143 2267 1263 2306 found
1292 2281 1382 2318 very
1401 2264 1481 2304 odd
1508 2273 1548 2303 to
1576 2276 1657 2316 mo-

287 2323 380 2362 dern
401 2323 566 2360 readers.
624 2322 714 2358 The
735 2320 906 2358 Romans
931 2334 1028 2359 were
1048 2331 1152 2359 wont
1173 2332 1212 2359 to
1231 2321 1329 2359 burn
1350 2319 1457 2357 crabs
1479 2327 1518 2356 to
1538 2318 1657 2363 ashes,

287 2377 363 2414 and
385 2375 472 2413 used
493 2376 599 2413 them
620 2388 658 2412 as
680 2386 701 2410 a
720 2373 875 2424 remedy
895 2373 952 2412 for
972 2373 1091 2412 scalds
1112 2374 1186 2412 and
1208 2373 1337 2412 burns.

339 2430 403 2469 61.
435 2429 525 2466 The
544 2436 634 2480 poet
662 2426 842 2478 proceeds
872 2438 911 2465 to
943 2425 1059 2478 speak
1085 2428 1131 2466 of
1158 2429 1223 2466 the
1243 2426 1447 2478 swarming
1475 2423 1522 2464 of
1549 2422 1655 2470 beeS,

287 2482 361 2522 and
379 2480 504 2535 points
519 2491 586 2522 out
605 2481 669 2521 the
689 2479 847 2520 method
865 2478 912 2520 of
930 2480 1094 2535 making
1113 2481 1219 2521 them
1240 2480 1363 2520 settle.
