1733 3076
1697 38 1733 114 ’ὲ

310 149 390 193 170
563 131 611 174 P.
636 131 861 173 VIRG1L11
882 126 1114 170 Mamm
1137 127 1400 172 Bucoch.
1500 129 1596 173 Ecl.
1615 145 1658 187 9.

306 240 442 285 Paene
463 237 580 280 simul
604 246 744 277 tecum
767 233 912 275 solatia
933 240 1066 287 rapta,
1098 230 1300 273 Menalca
1321 231 1329 272 !

303 314 416 369 Qis
436 318 601 353 caneret
621 307 846 364 Nymphas
866 303 881 346 ?
914 305 1009 360 quis
1030 306 1207 347 humum
1228 304 1472 348 florentibus
1493 307 1635 349 herbis
1675 315 1685 321 ''
1721 298 1733 358 ⁴<

305 386 526 442 spargeret
544 381 558 422 ?
592 391 664 422 aut
683 380 806 422 viridi
829 378 960 419 fontis
981 378 1197 442 induceret
1218 377 1396 420 umbra?
1606 391 1662 425 20
1683 398 1688 404 ·

305 456 389 498 Vel
412 469 517 511 quae
538 454 696 512 sublegi
719 454 874 495 tacitus
895 451 971 492 tibi
996 452 1182 495 carmina
1203 465 1353 506 nuper,

304 527 419 574 Cum
444 537 483 568 te
503 526 552 568 ad
574 526 745 567 delicias
767 527 892 567 ferres
917 523 1181 580 Amaryllida
1205 523 1362 565 nostras
1380 522 1394 563 ?

304 599 478 656 Tityre,
509 598 611 639 dum
632 597 770 648 redeo,
802 598 938 640 brevis
958 598 1015 639 est
1036 599 1121 648 via,
1154 597 1273 652 pasce
1294 596 1474 651 capellas
1494 610 1505 639 ζ

302 673 361 715 Et
382 682 527 728 potum
548 669 676 725 pastas
699 685 790 726 age,
824 670 978 728 Tityre
997 690 1008 721 ;
1041 682 1083 712 et
1103 672 1210 713 inter
1230 671 1442 727 agendum

306 746 542 789 Occursare
563 759 705 799 capr0,
737 758 869 785 cornu
891 745 988 785 ferit
1008 744 1098 796 ille,
1130 753 1293 785 caveto.
1609 753 1664 798 25
1704 751 1708 761 ’

881 818 1092 861 MOERIS.

306 893 446 936 Immo
466 893 584 943 haec,
617 905 721 947 quae
743 890 859 932 Varo
881 906 957 932 nec
979 891 1079 932 dum
1103 891 1280 946 perfecta
1300 889 1488 931 canebat.

306 967 438 1018 Vare,
470 976 590 1008 tuum
614 980 767 1005 nomen
793 964 974 1019 (superet
996 963 1120 1003 modo
1139 961 1322 1004 Mantua
1344 963 1482 1012 nobis,

307 1038 491 1081 Mantua
511 1052 585 1080 vae
607 1037 773 1077 miserae
794 1035 972 1077 nimium
995 1035 1132 1076 vicina
1154 1034 1386 1075 Cremonae
1408 1033 1443 1087 Ι)

309 1109 542 1153 Cantantes
564 1108 740 1150 sublime
762 1108 896 1149 ferent
917 1109 965 1148 ad
990 1107 1117 1149 sidera
1136 1108 1276 1164 cycni.

861 1180 1093 1222 LYCIDAS.

311 1256 382 1300 Sic
403 1266 474 1297 tua
495 1254 682 1312 Cyrneas
701 1256 868 1311 fugiant
888 1256 1080 1297 examina
1101 1264 1218 1296 taxos
1236 1268 1245 1294 ε
1328 1241 1331 1244 .
1611 1264 1666 1309 30

309 1329 382 1371 Sic
402 1330 533 1386 cytiso
555 1328 685 1384 pastae
707 1328 928 1369 distentent
951 1328 1075 1368 ubera
1095 1341 1258 1368 vaceae.

311 1402 478 1458 Incipe,
509 1402 537 1444 fi
560 1403 661 1458 quid
684 1402 823 1442 habes.
886 1411 927 1440 et
949 1415 1013 1440 me
1035 1400 1168 1445 fecere
1189 1402 1355 1454 poetam

311 1475 493 1519 Pierides
512 1491 520 1515 :
555 1477 651 1516 sunt
669 1486 709 1515 et
730 1474 834 1515 mihi
857 1472 1053 1514 carmina.
1116 1486 1182 1512 me
1201 1486 1369 1526 quoque
1391 1471 1542 1512 dicunt

312 1549 469 1591 Vatem
492 1549 669 1604 pastores
690 1563 699 1588 z
733 1547 796 1588 sed
820 1561 905 1587 non
927 1561 1005 1602 ego
1026 1545 1219 1586 credulus
1241 1545 1341 1587 illis.

313 1622 429 1666 Nam
452 1638 587 1679 neque
610 1622 744 1663 adhuc
768 1620 885 1662 Varo
905 1619 1065 1670 videor,
1097 1633 1174 1659 nec
1192 1618 1326 1659 dicere
1349 1617 1491 1661 Cinna
1615 1629 1668 1676 35

314 1694 477 1752 Digna,
511 1696 576 1736 sed
597 1706 764 1750 argutos
787 1694 894 1735 inter
914 1692 1084 1748 strepere
1104 1692 1219 1733 anser
1240 1692 1389 1733 olores.

885 1765 1097 1807 Moerus.

313 1840 364 1882 Id
387 1841 556 1897 quidem
578 1856 655 1897 ago
674 1859 685 1891 3
719 1855 765 1881 ac
789 1841 960 1890 tacitus,
994 1837 1175 1895 Lycida,
1209 1852 1375 1879 mecum
1397 1837 1481 1893 ipse
1502 1836 1668 1888 voluto,

315 1912 359 1954 Si
383 1913 539 1954 valeam
560 1911 787 1953 meminisse
808 1927 817 1952 ;
851 1926 989 1970 neque
1009 1911 1065 1953 est
1088 1911 1274 1968 ignobile
1298 1925 1480 1952 carmen.

315 1986 414 2028 Huc
436 1987 546 2037 ades,
580 1989 604 2028 ὃ
627 1985 819 2028 Galatea.
882 1987 977 2042 quis
999 1984 1055 2026 est
1078 1986 1176 2025 na'm
1198 1985 1321 2026 ludus
1345 1986 1388 2025 in
1411 1983 1533 2026 undis
1553 1982 1568 2026 ?

317 2058 402 2105 Hic
426 2076 492 2103 ver
514 2076 768 2116 purpureum
790 2075 799 2100 :
834 2061 970 2102 varios
992 2059 1062 2100 hic
1084 2058 1258 2103 flumina
1278 2059 1440 2101 circum
1614 2070 1671 2113 40

321 2228 325 2229 ⁷
368 2207 431 2245 25-
467 2194 555 2231 Wbo
583 2193 666 2231 then
698 2191 801 2231 could
802 2192 958 2243 stre-zm]
1000 2191 1131 2243 virgil
1162 2189 1346 2241 certainly
1367 2187 1514 2227 alludes
1547 2197 1586 2226 to
1615 2187 1673 2225 his

315 2244 505 2338 {clos-gne,
537 2245 697 2284 entitled
725 2247 909 2296 Daphnis,
938 2245 1139 2298 composed
1171 2257 1221 2283 on
1250 2244 1314 2282 the
1343 2242 1459 2280 death
1478 2242 1524 2280 of
1546 2240 1672 2293 Julius

360 2313 401 2336 ae
422 2313 474 2337 ar.

372 2367 434 2404 35.
458 2353 694 2403 Cremona's]
745 2351 937 2404 Augustus
967 2350 1125 2389 divided
1159 2350 1223 2388 the
1260 2348 1367 2386 lands
1399 2347 1445 2385 of
1482 2334 1708 2387 Cremona¹

317 2407 489 2457 amongs't
504 2407 560 2444 his
583 2406 753 2450 soldiers,
769 2404 927 2442 because
944 2405 1033 2455 they
1049 2403 1151 2442 sided
1170 2402 1261 2443 with
1283 2403 1454 2450 Antony.
1494 2400 1569 2438 But
1589 2401 1675 2438 that

317 2469 480 2509 country
513 2470 578 2496 not
612 2459 803 2510 affording
836 2457 1018 2498 sufficient
1043 2455 1250 2508 quantities
1269 2454 1315 2492 of
1337 2453 1427 2490 land
1457 2452 1514 2490 for
1540 2453 1592 2491 all
1611 2453 1702 2492 the·

316 2510 488 2556 soldiers,
519 2523 603 2561 part
623 2512 670 2550 of
692 2513 755 2549 t'ne
783 2510 957 2560 territory
983 2510 1028 2548 of
1043 2511 1210 2548 Mantua
1227 2521 1300 2546 was
1322 2505 1445 2544 added
1465 2505 1542 2544 and
1560 2505 1676 2558 given

318 2576 423 2613 away
444 2565 483 2602 in
504 2565 586 2601 that
607 2578 780 2602 manner.

372 2629 437 2666 40.
462 2616 867 2676 Cyrnaean.].Cors1ca
900 2629 974 2656 was
1005 2615 1129 2654 called
1160 2614 1310 2664 Cyrnus
1345 2612 1393 2663 by
1420 2612 1483 2650 the
1506 2611 1671 2650 Greeks.

319 2667 420 2772 le
429 2666 1529 2772 hogbjnjfj,{1533¹1]ssznhdisivualssdrgffltggssaivlssbg{thale-Mus
1550 2709 1679 2755 Cinna

321 2774 386 2812 the
419 2784 506 2824 poet
531 2776 615 2813 who
635 2789 708 2813 was
736 2775 951 2819 murdered,
983 2774 1032 2825 by
1062 2772 1265 2824 mistaking
1283 2772 1364 2810 him
1397 2770 1454 2808 for
1475 2769 1678 2808 Cornelius

325 2827 469 2874 Cinna,
499 2827 575 2868 and
595 2840 641 2866 an
664 2841 797 2878 enemy
826 2827 871 2867 of
886 2827 1013 2879 Julius
1039 2826 1192 2874 Caesar,
1222 2836 1262 2865 at
1282 2826 1364 2864 that
1381 2823 1586 2877 emperor’s
1616 2821 1680 2858 fu·
1717 2810 1733 2854 ’Ῐ

642 2894 667 2933 9
1090 2930 1095 2933 .
1563 2873 1683 2914 neral.

1722 2954 1733 2982 ,4

1731 2990 1733 3023 1

1731 3044 1733 3071 1
