1733 3076
325 94 412 149 3¹4
563 76 612 123 P.
634 77 858 120 Vmcun
881 71 1114 116 Manoms
1138 72 1417 122 Gssoncch.
1515 78 1611 142 Lib.
1634 96 1703 140 3.,

329 200 408 244 sed
429 213 514 242 non
535 198 622 240 ulla
640 196 774 251 magis
794 194 894 235 viris
915 191 1115 234 industria
1136 191 1292 245 firmat,

327 274 471 330 Qam
491 285 682 312 venerem
703 277 744 310 et
764 267 876 309 caeci
898 265 1085 307 stimulos
1108 276 1288 309 avertere
1309 270 1476 323 amoris,
1592 287 1679 322 210

329 346 426 391 Sive
444 345 591 395 boum,
623 341 701 384 five
721 340 777 382 est
799 340 869 381 cui
891 339 1049 395 gratior
1070 338 1165 380 usus
1186 353 1405 394 equorum.

326 417 473 472 Atque
495 416 587 458 ideo
607 424 746 463 tauros
768 412 913 469 procul
935 421 1061 466 atque
1084 411 1127 452 in
1150 410 1236 453 sola
1253 411 1442 469 relegant

325 488 501 541 Pascua,
532 487 620 544 post
639 497 826 529 montem
845 483 1097 540 oppositum,
1119 493 1161 525 et
1180 493 1294 531 trans
1314 485 1489 528 flumina
1509 487 1593 529 lata
1611 503 1622 529 :

326 562 420 605 Aut
440 561 554 602 intus
575 559 735 601 clausos
758 559 889 599 satura
909 558 958 598 ad
981 557 1184 613 praesepia
1206 558 1382 599 servant.
1499 604 1502 607 ¹

328 634 480 689 Carpit
494 633 610 680 enim
629 632 731 674 viris
754 631 993 688 paullatim,
1024 632 1194 686 uritque
1214 630 1396 679 videndo?
1597 648 1646 677 21
1654 645 1680 689 5

328 707 530 757 Femina:
563 721 639 748 nec
660 720 879 748 nemorum
901 705 1058 760 patitur
1077 703 1324 755 meminisse,
1355 717 1493 760 neque,
1519 707 1683 748 herbae.

329 772 545 826 Dulcibus
568 780 641 823 illa
662 779 835 837 quidem
857 778 1080 821 inlecebris
1101 787 1142 819 et
1164 778 1280 833 saepe
1301 778 1493 832 superbos

330 854 547 897 Cornibus
569 854 678 896 inter
699 854 737 897 se
757 854 911 910 subigit
932 852 1149 898 decernere
1172 853 1378 894 amantis:

328 927 580 975 Pasciturjn
602 941 752 983 magna
772 925 873 967 filva
893 925 1071 969 formosa
1085 925 1296 982 juvenca:

329 999 404 1043 Illi
425 1000 676 1042 alternantes
688 990 830 1041 ‘multa
853 999 892 1039 vi
914 998 1071 1052 proelia
1091 997 1267 1040 miscent
1600 1007 1699 1040 220

328 1074 587 1119 volneribus
608 1073 761 1117 crebris
781 1086 791 1111 ι
825 1071 927 1112 lavit
947 1081 1035 1114 ater
1053 1085 1227 1125 corpora
1244 1069 1428 1126 sanguiS,

329 1142 544 1202 Versaque
565 1132 611 1188 in
631 1145 812 1188 obnixos
837 1154 1070 1200 urguentur
1091 1158 1250 1187 cornua
1269 1142 1384 1184 vasto

330 1219 445 1263 Cum
465 1219 640 1276 gemitu.
701 1217 876 1267 reboant
895 1215 1099 1271 filvaeque
1119 1224 1161 1257 et
1181 1228 1356 1271 magnus
1379 1212 1612 1272 Olympus.

328 1294 429 1337 Nee
449 1307 540 1335 mos
559 1278 756 1334 bellantis
780 1304 863 1340 una
882 1277 1085 1330 stabulare
1103 1301 1115 1328 ε
1149 1287 1214 1330 sed
1235 1288 1341 1329 alter

327 1366 486 1409 Viaus
505 1366 610 1417 abit,
641 1364 851 1420 longeque
872 1361 1028 1418 ignotis
1049 1360 1211 1403 exsulat
1228 1362 1311 1403 oris
1328 1379 1342 1412 3
1598 1373 1685 1417 225

330 1437 481 1487 Multa
499 1451 666 1495 gemens
689 1436 966 1494 ignominiam
988 1434 1210 1491 plagasque
1230 1435 1391 1490 superbi

329 1512 520 1556 Viffioris
537 1531 549 1563 ;
581 1498 691 1562 tum,
723 1523 829 1566 quos
849 1507 983 1550 amisit
999 1497 1180 1561 inu-ltusss
1212 1523 1370 1550 amores
1388 1527 1404 1561 5

333 1584 395 1628 Et
416 1582 576 1626 stabula
595 1581 807 1638 aspe&ans
826 1583 964 1638 regnis
985 1583 1148 1625 exceffit
1168 1581 1308 1623 avitis.

327 1657 451 1714 Ergo
470 1657 586 1698 omni
607 1671 708 1698 cura
727 1656 828 1703 viris
848 1664 1029 1709 exercet,
1061 1641 1236 1707 erin-ter

331 1729 454 1779 Dura
468 1731 580 1786 jacet
600 1728 747 1784 pernix
768 1726 938 1770 instrato
960 1729 1054 1769 saxa
1071 1720 1233 1778 cubili,
1605 1739 1691 1784 230

332 1803 575 1850 Frondibus
596 1801 765 1847 hirsutis
787 1812 828 1841 et
848 1802 981 1842 carice
1001 1799 1138 1854 pastus
1157 1805 1278 1839 acuta
1298 1812 1308 1836 τ

334 1876 393 1919 Et
414 1884 546 1917 tentat
568 1875 662 1925 sese,
694 1883 819 1929 atque
842 1866 959 1914 irasc-i
982 1874 1026 1914 in
1048 1887 1209 1921 cornua
1229 1871 1351 1911 discit

334 1950 511 1993 Arboris
530 1948 714 1990 obnixus
735 1956 911 1987 trunco:
944 1934 1172 2000 ventosque
1189 1943 1340 1984 laceffit

332 2022 513 2074 fflibus,
544 2033 585 2063 et
607 2021 738 2077 sparsa
758 2021 807 2063 ad
829 2034 1013 2077 pugnam
1035 2017 1220 2074 proludit
1240 2030 1375 2057 arena.

334 2096 446 2148 Post,
480 2096 551 2137 ubi
573 2095 813 2136 conleemm
836 2093 980 2142 robur,
1006 2090 1201 2147 'viresque
1220 2084 1415 2141 resecrae,
1608 2103 1689 2148 235

335 2170 466 2226 Signa
485 2179 641 2220 movet,
676 2166 950 2223 praecepsque
974 2163 1154 2206 oblitum
1177 2165 1309 2205 fertur
1330 2165 1374 2205 in
1396 2161 1573 2204 hostem:

334 2241 511 2285 Fluc‘ffls
535 2241 616 2291 uti,
648 2230 786 2289 rnedio
804 2238 942 2292 coepit
963 2252 1061 2278 cum
1082 2237 1284 2278 albescere
1305 2246 1454 2292 pont0‚

331 2313 548 2370 LongiuS,
579 2328 630 2354 ex
652 2312 823 2368 altoque
845 2309 979 2352 smum
1001 2309 1159 2360 trahit3
1191 2319 1320 2364 utque
1342 2309 1511 2350 volutus

389 2425 479 2474 285.
511 2419 586 2459 The
602 2420 734 2473 mig-hty
762 2417 920 2468 rivals]
977 2417 1065 2456 The
1086 2415 1313 2468 description
1331 2415 1377 2454 of
1399 2415 1461 2452 the
1482 2414 1582 2453 bulls
1602 2427 1692 2452 con·

337 2475 501 2526 tending
533 2473 591 2512 for
621 2474 685 2512 the
719 2472 856 2510 female
886 2471 916 2508 is
946 2469 1186 2513 admirable;
1215 2468 1478 2520 particularly,
1509 2468 1591 2506 that
1618 2467 1696 2505 fine

336 2527 606 2566 circumstance
634 2525 681 2564 of
702 2525 766 2564 the
796 2523 1021 2574 vanquish’d
1056 2522 1137 2560 bull
1163 2520 1324 2572 looking
1357 2519 1454 2558 back
1474 2533 1523 2557 on
1552 2519 1611 2558 his
1629 2518 1695 2558 old

336 2576 572 2618 accustomed
590 2578 671 2616 stall
691 2577 765 2615 and
787 2577 948 2628 pastures
967 2575 1077 2613 when
1098 2575 1145 2615 he
1165 2574 1194 2611 is
1215 2573 1339 2611 forced
1360 2582 1399 2610 to
1418 2581 1567 2610 retreat.
1601 2570 1693 2609 And

338 2632 411 2670 still
441 2645 544 2670 more
580 2631 634 2677 so,
679 2631 744 2668 the
781 2629 1048 2667 circumstance
1075 2626 1122 2664 of
1143 2626 1201 2664 his
1233 2626 1344 2677 lying
1375 2625 1502 2669 down,
1533 2624 1696 2674 sullenly
1732 2639 1733 2646 ¹

338 2683 600 2728 disconsolate,
628 2696 678 2721 on
713 2684 776 2720 the
810 2682 944 2726 stoneS,
973 2678 1130 2730 feeding
1158 2691 1261 2729 upon
1284 2677 1410 2716 rushes
1439 2678 1515 2715 and
1545 2675 1695 2729 prickly
1731 2679 1733 2717 l

338 2737 480 2782 leaves,
510 2735 585 2774 and
604 2734 811 2785 exercising
831 2734 888 2772 his
908 2735 1020 2771 horus
1041 2731 1184 2784 against
1203 2731 1267 2768 the
1287 2730 1422 2768 trunks
1450 2729 1497 2768 of
1519 2740 1630 2772 trees,
1655 2737 1694 2766 to
1731 2724 1733 2768 l

338 2788 478 2832 enable
512 2787 671 2826 himself
691 2797 732 2826 to
756 2785 922 2825 contend
952 2783 1064 2839 again
1098 2783 1195 2826 with
1223 2783 1281 2822 his
1313 2782 1428 2824 hated
1457 2782 1566 2823 rival.
1613 2779 1694 2871 hAll—1

1594 2843 1610 2873 t
1639 2845 1657 2871 e
1676 2843 1698 2875 ο

1729 2937 1733 3013 ἐ
