1733 3076
307 114 446 158 PER
495 109 756 157 ANNOS
803 105 1164 153 DIGESTA.
1356 118 1410 161 gc)

59 223 204 280 ⁴‘fugato
217 251 230 271 ‚
255 220 400 274 legatus
414 218 702 275 Transpadanis
714 215 944 272 praeposttus
962 216 1011 271 est
1027 215 1073 254 ab
1088 212 1254 266 Augusto
1269 229 1282 261 3
1301 219 1341 250 et
1358 210 1407 249 ad

70 294 164 334 Ecl.
190 290 255 331 VI
272 322 284 341 ‚
318 293 356 333 6„
378 291 462 332 Alii
471 291 563 348 fuso
572 294 788 348 fugatoque
805 287 931 344 Afinio
947 286 1117 329 Pollione
1131 316 1144 336 ,
1176 285 1224 326 ab
1240 282 1410 338 Augzsto

70 365 251 422 Alfenum
269 363 414 406 Varum
430 363 852 419 legatumfidgstitutum
866 390 880 410 ‚
913 361 979 414 qui
999 358 1301 416 Transpadanae
1313 365 1407 410 pro-

69 438 218 477 nimiae
248 447 283 477 et
304 433 410 494 agris
431 436 646 476 diuidendis
667 434 872 490 praestet,
905 432 972 486 qui
999 431 1182 481 curauit,
1214 445 1258 470 ne
1287 443 1407 482 ager,

69 512 137 564 qui
157 510 323 564 Virgilio
346 510 692 565 restitutusfiterat
708 537 721 557 ‚
757 521 780 546 a
804 505 996 546 veteranis
1016 506 1257 559 auferretur.
1319 499 1410 541 Ha-

70 585 165 625 bere
205 597 278 624 nos
305 583 459 637 putabo
496 581 651 634 aliquid
669 610 682 630 ‚
730 578 841 633 quod
883 577 995 631 sequi
1031 575 1222 629 poffimus
1242 603 1254 622 ,
1287 572 1412 612 modo

71 655 306 696 Pollionem
333 669 381 695 eo
411 669 520 694 anno
556 653 749 707 fugatum
782 647 857 689 effe
878 647 1090 702 probabile
1119 645 1204 686 fieri
1242 646 1408 699 poterit.

71 728 173 769 Erat
194 729 226 769 is
247 726 316 768 M.
342 726 521 767 Antonii
539 725 723 772 amicu33
754 730 794 761 et
810 720 944 762 statim
961 734 984 759 a
1003 719 1292 759 triumuiratus
1316 716 1412 756 inde

71 801 259 855 pacs’tione
276 799 334 839 V.
355 799 408 840 C.
444 813 540 854 711.
566 795 734 837 Galliae
753 792 990 846 Cisalpinae
1012 792 1061 831 ab
1081 790 1270 830 Antonio
1293 803 1410 843 prae-

72 872 203 912 fastus
238 872 386 911 fuerat.
424 871 502 925 (cf.
537 869 714 910 Martin.
750 884 788 922 p.
815 863 1012 917 X-LIH).
1049 864 1129 904 hoc
1162 876 1296 910 anno,
1330 873 1413 916 713

73 942 300 984 OEtauiani
337 943 476 996 copias
512 943 562 982 ab
584 942 760 995 Alpium
780 937 951 980 transitu
972 933 1224 992 prohibuiffe
1254 946 1412 973 memo-

69 1024 209 1066 ratur,
241 1031 281 1056 v.
318 1015 501 1068 Appian.
535 1030 573 1067 p.
602 1014 724 1056 1088.
756 1023 797 1054 et
818 1013 862 1052 in
883 1010 997 1052 bello
1018 1007 1237 1049 Perusiano
1257 1006 1345 1045 eius
1368 1003 1415 1044 fit

68 1089 178 1129 inter
197 1087 322 1128 duces
343 1088 606 1127 Antonianos
622 1087 795 1137 mentio,
814 1086 885 1140 qui
906 1082 1192 1124 Saluidienum
1211 1093 1234 1118 e
1254 1076 1415 1119 Galliis

74 1159 313 1201 Oetauiano
361 1160 503 1213 copias
549 1159 823 1199 adducentem
866 1155 1241 1211 persequebantur,
1287 1160 1328 1190 et
1359 1148 1413 1190 L.

71 1233 262 1273 Antonio
284 1232 488 1286 suppetias
511 1232 612 1271 ferre
634 1231 957 1279 cunetabantur,
996 1226 1098 1267 ibid.
1123 1241 1163 1280 p.
1193 1237 1298 1278 1097
1323 1222 1413 1276 sqq.

74 1305 220 1359 Qum
243 1303 295 1344 L.
320 1305 535 1344 Antonius
556 1318 664 1344 anno
685 1301 870 1356 sequenti
893 1300 930 1341 se
953 1297 1165 1339 dedidiffet
1181 1328 1194 1348 ‚
1227 1310 1324 1337 cum
1341 1296 1416 1345 iis,

73 1393 177 1433 quas
212 1377 416 1427 habebat,
449 1377 581 1430 copiis
615 1375 752 1415 Pollio
788 1372 994 1426 profecffiis
1028 1371 1111 1422 est,
1148 1379 1194 1410 vt
1225 1368 1418 1430 Antonio

70 1450 119 1490 in
141 1449 305 1491 Italiam
332 1450 514 1491 venienti
533 1457 794 1496 occurreret3
820 1447 862 1486 in
881 1446 1026 1485 itinere
1044 1442 1292 1485 Domitium
1319 1453 1418 1480 cum

74 1525 205 1578 copiis
240 1523 312 1563 fibi
345 1523 553 1563 adiunxit.
600 1536 640 1562 v.
665 1520 850 1573 Appian.
887 1533 927 1571 p.
955 1530 1078 1572 1113.
1106 1529 1228 1568 1114.
1261 1512 1415 1552 Vellei.

74 1594 149 1647 II,
183 1596 250 1652 76.
285 1596 393 1637 Nam
420 1594 544 1635 Pollio
577 1594 730 1649 Aſsnius
760 1607 841 1631 cum
852 1591 995 1648 septem
1026 1588 1235 1643 legionibus
1260 1586 1328 1627 diu
1354 1600 1418 1624 re-

74 1677 179 1709 tenta
200 1669 241 1708 in
256 1669 436 1723 potestate
467 1666 630 1708 Antonii
662 1663 844 1712 Venetia,
880 1661 1028 1714 magnis
1038 1660 1282 1717 speciofisque
1308 1658 1420 1698 rebus

74 1741 176 1782 circa
206 1739 382 1781 Altinum
417 1739 586 1796 aliasque
608 1737 689 1777 eizcs
723 1734 888 1789 regionis
919 1734 1032 1774 vrbes
1066 1732 1179 1773 editis
1209 1729 1419 1772 Antonium

68 1823 228 1870 petens,
259 1828 402 1866 vagum
434 1811 557 1853 adhuc
576 1807 1010 1851 Domitium—iunxit
1031 1804 1211 1846 Antonio.
1274 1802 1420 1843 Potuit

75 1884 215 1938 itaque
237 1884 344 1923 inter
375 1883 446 1923 has
481 1897 617 1922 rerum
650 1879 944 1923 viciffitudines
971 1878 1086 1928 fieri,
1119 1887 1165 1919 vt
1199 1875 1339 1917 Pollio
1368 1889 1421 1915 ex

76 1956 183 2012 agris
204 1955 516 2009 Transpadanis
536 1955 822 2009 expelleretur.

136 2027 317 2068 Haberet
340 2029 420 2068 hoc
441 2027 623 2081 aliquam
644 2026 729 2067 veri
761 2024 964 2079 speciem3
998 2022 1062 2064 sed
1084 2032 1174 2063 tum
1197 2021 1241 2062 in
1263 2020 1426 2061 Alfeno

78 2099 193 2141 Varo
220 2115 352 2140 nouae
381 2100 647 2140 difficultates
667 2099 875 2149 oriuntur,
909 2111 1033 2152 quem
1055 2095 1241 2136 nobilem
1262 2092 1421 2134 ICtum

79 2172 184 2212 male
205 2173 325 2213 nobis
348 2170 625 2217 Grammatici
653 2172 697 2213 in
718 2171 819 2211 haee
840 2181 1024 2223 tempora
1044 2168 1253 2209 intrudere
1274 2166 1420 2207 viden-

76 2254 161 2284 tur.
184 2260 223 2285 v.
248 2258 408 2300 argum.
439 2243 534 2284 Ecl.
556 2242 639 2284 VI.
676 2242 704 2283 si
735 2252 871 2282 tamen
895 2242 988 2281 satis
1011 2241 1048 2281 se
1069 2240 1134 2280 vel
1156 2239 1204 2278 de
1227 2252 1420 2293 quocun-

75 2333 156 2374 que
177 2317 259 2356 alio
280 2316 395 2357 Varo
415 2330 462 2356 ea
479 2316 659 2356 narratio
677 2314 939 2368 probauerit,
962 2323 1053 2353 turn
1073 2312 1180 2353 alius
1201 2326 1252 2351 ex
1275 2309 1420 2351 Serui-

77 2403 158 2431 ano
197 2398 374 2429 centone
415 2388 535 2428 locus
582 2401 666 2427 non
702 2397 786 2426 tam
827 2384 913 2425 falfi
954 2384 1250 2434 conuincitur,
1295 2398 1421 2438 quam

81 2462 248 2504 innuere
278 2462 442 2502 videtur
460 2492 473 2512 ‚
507 2461 643 2515 plures
676 2459 719 2498 in
742 2459 791 2499 iis
812 2457 1053 2513 regionibus
1074 2454 1420 2497 Triumuirorum

81 2533 244 2587 negotia
264 2531 416 2587 curaffe
436 2547 445 2572 :
478 2531 527 2573 ad
550 2531 644 2573 Ecl.
669 2529 752 2571 VI.
779 2531 847 2584 64.
873 2529 1138 2584 Gallus—qui
1156 2538 1192 2570 et
1210 2543 1236 2569 a
1256 2528 1419 2570 Trium-

82 2604 182 2645 uiris
192 2605 424 2660 praepositus
431 2605 524 2662 fuit
544 2606 599 2646 ad
614 2605 819 2658 exigendas
835 2603 1016 2658 pecunias
1033 2603 1080 2644 ab
1094 2601 1153 2642 his
1173 2601 1419 2656 municipiis,

81 2691 238 2731 quorum
259 2679 348 2731 agri
369 2678 408 2718 in
430 2677 711 2734 Transpadana
727 2677 879 2730 regione
891 2692 962 2716 non
982 2675 1270 2716 diuidebantur.
1334 2673 1420 2714 Ce-

81 2757 214 2792 terum
226 2749 337 2793 vides
350 2779 364 2802 ,
397 2750 467 2793 hic
485 2764 650 2793 omnem
664 2749 780 2789 illam
794 2748 1009 2790 licentiam
1023 2749 1104 2790 iam
1115 2754 1207 2789 tum
1219 2744 1420 2801 viguiss'e,

698 2819 743 2863 D
775 2834 803 2876 4
834 2877 836 2879 Ι
1292 2831 1419 2872 quam
