1733 3076
255 105 338 151 312
480 88 528 134 P.
555 90 780 134 Vmormx
802 85 1038 130 MARoms
1061 84 1342 131 Gaonmca.
1440 87 1539 133 Lib.
1564 103 1606 146 3.

253 194 345 237 Aut
366 193 533 248 Alphea
551 193 654 233 rotis
677 191 859 245 praelabi
882 191 1058 234 flumina
1078 189 1212 243 Pisae,
1532 193 1612 237 180

253 266 313 309 Et
333 249 452 321 Jovis
474 266 518 305 in
539 265 638 308 luco
659 277 807 306 currus
826 264 981 320 agitare
1000 263 1212 315 volantis;

257 337 426 380 Primus
449 337 545 391 equi
568 336 684 377 labor
704 335 777 388 est,
809 337 969 378 animos
990 344 1115 392 atque
1134 350 1248 379 arma
1267 335 1406 377 videre

253 402 515 459 Bellatum,
547 408 756 463 lituosque
777 409 890 463 pati;
923 408 1142 466 traEtuque
1162 417 1398 466 gementem

255 482 381 524 Ferre
401 492 559 533 rotam,
592 490 634 522 et
654 480 814 522 stabulo
836 481 975 522 frenos
996 479 1136 522 audire
1158 480 1359 522 sonantis.

257 553 379 595 Tum
403 555 534 610 magis
558 563 684 608 atque
705 553 837 609 magis
858 552 1023 595 blandis
1044 552 1221 609 gaudere
1241 552 1423 609 magistri
1535 554 1615 609 185

258 626 494 678 Laudibus,
527 636 570 668 et
591 627 754 681 plausae
778 625 960 667 sonitum
979 626 1155 668 cervicis
1177 640 1326 667 amare.

259 700 403 754 Atque
424 701 526 741 haec
542 700 630 758 jam
652 699 788 754 primo
806 697 1000 754 depulsus
1021 699 1072 741 ab
1096 698 1218 740 ubere
1239 689 1382 740 matris

259 771 436 822 Audiat,
469 772 598 826 inque
617 771 754 812 vicem
773 770 841 812 det
862 770 1061 813 mollibus
1080 787 1152 813 ora
1171 771 1356 827 capistris

260 841 501 894 Invalidus,
533 853 574 883 et
589 844 763 900 jamque
785 852 985 895 tremens,
1017 853 1058 885 et
1072 846 1161 902 jam
1182 845 1338 886 inscius
1359 845 1464 886 aevi.

263 917 340 967 At,
374 916 508 957 tribus
530 916 704 967 exaeffis,
736 916 808 957 ubi
831 926 978 970 quarta
998 918 1204 972 acceperit
1223 917 1366 967 aestas,
1543 930 1625 974 190

260 988 444 1049 Carpere
466 1004 564 1030 mox
587 1004 737 1046 gyrum
758 989 951 1044 incipiat,
983 989 1260 1047 gradibusque
1282 991 1423 1031 sonare

261 1060 522 1116 Conpositis‚
556 1061 773 1116 sinuetque
792 1062 950 1103 alterna
969 1061 1188 1102 volumina
1207 1077 1377 1105 crurum
1396 1081 1410 1113 ;

267 1132 416 1189 Sitque
437 1133 644 1174 laboranti
667 1131 811 1174 similis
832 1147 842 1173 ε
877 1142 967 1174 tum
986 1132 1170 1175 cursibus
1191 1149 1309 1176 auras

267 1204 493 1256 Provocet,
526 1220 572 1246 ac
594 1220 666 1259 per
685 1213 826 1261 aperta
846 1204 1011 1255 volans,
1043 1219 1119 1251 ceu
1140 1205 1245 1248 liber
1264 1207 1456 1261 habeniS,

268 1279 485 1334 Aequora,
517 1279 589 1324 vix
613 1278 772 1329 summa
790 1276 963 1335 vestigia
983 1287 1112 1333 ponat
1132 1294 1254 1326 arena
1274 1295 1283 1322 :
1535 1293 1620 1337 195

270 1350 444 1406 Qalis,
477 1350 758 1408 Hyperboreis
780 1351 945 1409 Aquilo
966 1366 1064 1402 cum
1085 1352 1233 1401 densus
1255 1353 1304 1396 ab
1325 1353 1410 1393 oris

267 1421 492 1475 Incubuit,
527 1422 805 1483 Scythiaeque
827 1424 984 1466 hiemes
1006 1432 1132 1479 atque
1153 1425 1266 1471 arida
1285 1424 1425 1467 differt

266 1496 433 1538 Nubila
451 1512 461 1538 ;
495 1506 586 1537 tum
608 1497 760 1553 segetes
782 1495 888 1546 altae
909 1498 1130 1555 campique
1151 1506 1343 1540 natantes

268 1568 457 1612 Lenibus
480 1569 727 1611 horrescunt
748 1569 908 1620 flabris,
940 1570 1204 1627 summaeque
1226 1570 1413 1612 sonorem

266 1641 389 1684 Dant
410 1641 545 1698 silvae,
577 1641 782 1699 longi-que
805 1653 987 1700 urguent
1007 1644 1056 1684 ad
1077 1644 1200 1685 litora
1220 1644 1372 1686 fluetus
1390 1658 1399 1683 :
1540 1655 1622 1686 200

268 1713 348 1755 Ille
370 1715 502 1765 volat,
535 1714 655 1757 simul
679 1729 774 1756 arva
795 1718 913 1773 fuga,
946 1716 1065 1759 simul
1087 1731 1268 1772 aequora
1289 1730 1475 1758 verrens.

269 1787 354 1831 Hic
375 1788 438 1829 vel
461 1787 509 1828 ad
532 1786 624 1829 Elei
647 1797 776 1833 metas
797 1798 839 1830 et
861 1789 1041 1829 maxima
1062 1787 1197 1843 campi

272 1861 449 1905 Sudabit
471 1862 616 1917 spatia,
648 1871 688 1902 et
709 1862 871 1918 spumas
891 1870 985 1917 aget
1007 1875 1075 1901 ore
1098 1870 1289 1903 cruentas
1311 1876 1321 1903 :

273 1934 446 1990 Belgica
466 1934 529 1980 vel
553 1934 671 1975 molli
694 1934 844 1975 melius
864 1934 971 1975 feret
990 1932 1120 1974 esseda
1141 1933 1270 1974 collo.

274 2007 397 2048 Tum
418 2008 584 2048 demum
607 2005 733 2048 craffa
754 2016 953 2062 magnum
975 2005 1180 2061 farragine
1199 2021 1348 2062 corpus
1550 2020 1631 2063 205

274 2080 469 2122 Crescere
484 2081 571 2138 jam
594 2080 763 2124 domitis
785 2079 921 2121 sinito.
984 2094 1163 2134 namque
1186 2088 1283 2120 ante
1304 2078 1556 2120 domandum
1626 2135 1629 2137 Α

276 2153 467 2209 Ingentis
490 2153 642 2194 tollent
664 2153 841 2203 animos,
875 2150 1090 2208 prensique
1114 2152 1332 2208 negabunt

280 2224 465 2267 Verbera
487 2225 601 2269 lenta
623 2225 726 2281 pati,
757 2234 799 2266 et
820 2225 931 2266 duris
954 2240 1091 2279 parere
1112 2225 1281 2280 lupatis.

332 2312 423 2362 263.
454 2312 539 2349 Like
558 2311 728 2362 Boreas]
773 2312 809 2349 It
837 2322 980 2351 cannot
1009 2312 1055 2351 be
1084 2311 1295 2365 imagined‚
1326 2312 1376 2362 by
1396 2312 1459 2350 the
1484 2312 1635 2356 severe-st

277 2364 420 2407 critics,
449 2365 534 2401 who
562 2363 675 2401 think
709 2363 797 2401 such
831 2364 1001 2404 beauties
1028 2365 1074 2404 of
1096 2366 1185 2415 style
1206 2365 1246 2402 in
1275 2365 1338 2402 the
1359 2364 1526 2403 ancients
1552 2365 1633 2402 chi-

279 2416 451 2460 merical‚
481 2417 563 2454 that
584 2415 712 2467 Virgil
732 2416 799 2454 did
829 2427 895 2457 not
920 2417 1056 2456 intend
1090 2427 1129 2456 to
1157 2417 1347 2469 represent
1376 2418 1423 2468 by
1443 2417 1515 2455 this
1537 2417 1636 2457 swift

278 2469 357 2508 line
377 2468 422 2506 of
444 2469 608 2519 da&yles
629 2469 692 2506 the
712 2468 839 2506 course
859 2469 905 2507 of
918 2471 982 2508 the
1003 2469 1104 2508 wind
1121 2485 1131 2508 ι

385 2537 451 2575 Ille
470 2536 589 2581 volat,
598 2536 711 2587 fimul
725 2552 827 2575 arva
832 2541 950 2590 fuga,
959 2538 1073 2590 fimul
1085 2554 1236 2591 aequora
1255 2554 1417 2579 verrens.

337 2618 425 2654 270.
457 2605 566 2642 Elean
581 2605 720 2656 plain]
766 2606 865 2643 This
898 2607 1044 2644 alludes
1065 2616 1104 2650 to
1131 2607 1193 2644 the
1224 2606 1407 2656 Olympic
1425 2618 1555 2657 garnes
1574 2619 1636 2643 ce-

283 2656 455 2697 lebrated
486 2658 604 2694 about
646 2658 832 2709 Olympia
862 2659 901 2696 in
943 2659 1005 2696 the
1038 2659 1168 2710 region
1203 2658 1249 2696 of
1283 2659 1377 2696 Elis.
1449 2659 1639 2696 Whoever

280 2708 409 2749 would
428 2708 522 2745 have
557 2723 577 2746 a
602 2710 676 2758 just
708 2711 839 2748 notion
866 2711 913 2748 of
933 2711 998 2754 the
1026 2721 1133 2762 great
1162 2710 1331 2761 political
1364 2710 1567 2748 usefulness
1595 2709 1642 2747 of

284 2762 385 2802 these
416 2760 631 2799 celebrated
656 2775 785 2813 games
815 2762 862 2800 of
885 2758 1047 2809 Greece,
1069 2763 1147 2802 will
1166 2774 1264 2802 meet
1282 2763 1375 2802 with
1395 2764 1510 2801 much
1530 2763 1636 2814 plea-

1550 2815 1635 2853 sure
