1733 3076
262 103 318 147 40
367 132 374 139 ,
585 90 632 132 1³.
687 86 1032 138 VIRGILII
1083 85 1274 130 VITA

265 211 391 251 quam
422 210 497 236 nos
532 195 724 249 superiori
757 192 869 233 bello
903 205 1013 232 novo
1035 191 1176 246 aliquo
1203 190 1388 232 militum
1410 192 1605 244 acumine.

264 268 313 308 ad
331 267 614 322 despoliandos
635 265 821 305 homines
846 263 1108 305 increbruiffe
1129 263 1388 318 putabamus.

321 340 554 396 Virgilium
586 338 765 379 Romam
801 326 1102 385 discedentem,
1135 349 1231 375 nam
1262 324 1396 388 ipsum
1422 334 1603 379 Romam
1637 372 1642 376 .

264 412 427 460 abiisse,
461 426 511 457 ex
533 411 609 461 iis,
641 424 744 465 quae
767 408 953 464 Tityrus
970 409 1018 448 de
1040 408 1077 448 se
1099 416 1235 448 narrat
1256 407 1351 447 Ecl.
1376 406 1414 458 I,
1436 421 1490 450 20
1512 409 1602 462 sqq,

263 483 546 533 contendunt,
593 491 638 523 vt
677 496 794 537 agros
831 491 1086 534 recuperaret
1101 511 1114 531 ,
1160 479 1399 521 O&auian0
1439 478 1605 531 Caesari

262 553 599 602 commendatum
622 551 698 592 esse
711 584 722 602 ,
746 567 887 592 omnes
905 553 987 592 fere
1005 552 1197 602 tradunt,
1222 551 1285 591 sed
1304 552 1375 591 alii
1393 552 1442 599 ab
1459 551 1606 600 Afinio

262 625 480 676 Pollione,
502 642 542 666 ν.
569 623 686 668 Seruq
710 625 758 664 ad
782 624 877 666 Ecl.
897 623 983 674 IX,
1011 639 1075 666 11.
1100 623 1259 665 Donat.
1280 623 1373 664 Vit.
1397 623 1508 680 §36.
1532 623 1604 675 alii
1663 660 1666 662 .

262 701 312 740 ab
334 699 490 746 Alfeno
512 696 655 748 Varo,
702 696 770 737 alii
805 712 827 736 a
867 695 1028 746 Gallo,
1071 706 1115 736 vt
1147 696 1272 736 modo
1304 696 1484 737 vidimus
1499 722 1521 746 ,-
1545 696 1602 736 cf.

261 771 423 814 Donat.
463 770 487 826 ᾗ
527 784 593 825 30.
633 770 702 825 96.
736 770 807 810 alii
844 784 940 809 cum
962 767 1161 810 Martiale
1183 767 1324 819 VIII,
1357 769 1426 823 56.
1462 766 1536 808 nist
1568 768 1605 808 is

259 845 422 885 craffius
444 843 646 897 loquutus
663 841 738 883 effe
754 843 882 882 videri
905 842 1031 896 potest
1047 872 1060 892 ‚
1083 857 1105 881 a
1122 840 1366 881 Maecenate
1388 841 1428 881 id
1447 841 1604 881 factum

257 917 336 958 effe
357 925 599 957 memorant.
666 915 838 956 Scilicet
853 945 866 965 ,
898 925 943 955 vt
964 915 1045 954 iam
1077 914 1222 954 Ruaeo
1243 914 1375 955 visum
1397 912 1475 962 est,
1508 926 1605 953 cum

260 987 442 1030 Pollioni
476 988 656 1041 primum
688 996 806 1041 poeta
841 987 1110 1038 innotuisset,
1161 987 1211 1026 ab
1247 987 1327 1026 hoc
1362 985 1609 1039 Maecenati.

259 1060 557 1110 commendari,
590 1060 797 1113 huiusque
818 1060 950 1101 studio
970 1061 1012 1100 in
1031 1059 1260 1113 O&auiaiii
1283 1059 1511 1111 amicitiam
1532 1072 1603 1097 ve-

257 1135 346 1181 nire
378 1134 531 1187 potuit.
597 1131 674 1173 Sed
707 1132 802 1173 satis
833 1131 915 1182 est,
948 1130 974 1172 fi
1006 1141 1171 1181 teneas,
1209 1140 1372 1185 poetam
1405 1131 1471 1171 his
1506 1130 1607 1175 viris

255 1207 453 1250 omnibus
476 1214 634 1257 mature
655 1215 816 1260 gratum
839 1214 878 1244 et
900 1219 1041 1244 carum
1064 1202 1195 1248 fuisse.

314 1279 576 1333 Recuperato
593 1293 709 1333 agro,
729 1276 934 1332 Eclogam
950 1277 1070 1326 loco,
1094 1291 1180 1316 non
1202 1286 1383 1329 tempore
1406 1275 1605 1328 primam,

256 1351 285 1395 fi
300 1352 419 1406 supra
432 1360 657 1390 memorata
670 1349 775 1391 roste
791 1348 827 1388 se
841 1348 1012 1397 habent,
1026 1347 1216 1404 scriptam
1228 1346 1321 1398 effe,
1337 1347 1516 1388 dubitari
1530 1361 1606 1391 nef

256 1409 366 1480 quit.
395 1423 578 1465 Obtinet
594 1432 730 1463 tamen
746 1421 929 1477 vulgaris
947 1421 1108 1475 opinio,
1127 1435 1236 1461 anno
1251 1421 1330 1462 hoc
1346 1434 1442 1476 713.
1461 1419 1608 1460 aetatis

255 1512 325 1554 29.
349 1512 446 1538 eum
468 1495 673 1537 Bucolica
694 1494 868 1547 scribere
890 1493 1119 1549 aggressum
1141 1492 1230 1534 effe.
1287 1492 1416 1546 Qod
1437 1492 1608 1547 quidem

254 1569 474 1612 confilium
504 1578 666 1623 poetam
690 1566 895 1618 Pollionis
918 1567 1096 1606 maxime
1118 1566 1361 1606 au&0ritate
1380 1574 1420 1606 et
1440 1565 1608 1621 hortatu

253 1641 464 1696 suscepisse
480 1672 493 1692 ,
517 1642 623 1681 inter
646 1638 955 1689 Grammaticos
970 1639 1082 1679 fama
1101 1647 1230 1679 tenet.
1255 1654 1294 1679 v.
1320 1636 1483 1679 Donat.
1508 1636 1605 1691 Vit‚

254 1715 282 1772 ᾗ
308 1717 373 1772 36.
411 1713 543 1755 Iidem
562 1729 612 1754 ex
633 1713 727 1755 loco
752 1710 886 1766 primo
901 1740 915 1772 ,y
938 1724 1061 1764 quern
1083 1708 1245 1766 Ecloga
1266 1709 1451 1764 Tityrus
1473 1713 1624 1766 tenet,'

253 1787 444 1833 omnium
467 1786 590 1826 etiam
624 1794 805 1837 tempore
839 1782 1013 1835 primam
1045 1782 1266 1838 scriptam,
1298 1792 1339 1838 et
1370 1781 1608 1838 calamitate

254 1858 382 1907 amiffi
404 1857 490 1913 agri
522 1856 744 1899 adductum
764 1853 995 1910 Virgilium
1020 1855 1199 1912 primum
1221 1855 1411 1909 poeticen
1438 1854 1604 1910 aggres-

253 1932 343 1973 sum
370 1932 437 1986 (v.
463 1929 624 1970 Phocas
644 1944 684 1970 ν
716 1928 766 1984 67
794 1928 882 1982 sqq·
907 1926 1103 1969 Donatus
1128 1926 1151 1982 ξ
1174 1941 1223 1982 91
1249 1936 1330 1968 etc.
1341 1927 1355 1980 )
1379 1926 1456 1968 effe
1479 1935 1606 1981 puta-

255 2004 384 2052 bant3
421 2001 578 2044 scilicet
611 2010 656 2041 vt
687 2015 739 2042 ne
771 2015 875 2043 vnus
901 2001 1054 2055 aliquis
1077 2009 1198 2054 poeta
1218 1999 1342 2050 effet,
1375 2014 1498 2054 quem
1519 2013 1607 2055 non

256 2076 387 2126 fames
409 2084 449 2114 et
471 2074 627 2128 miseria
651 2073 700 2112 ad
720 2074 855 2130 versus
875 2073 1108 2115 scribendos
1132 2071 1362 2128 pepulisset,

313 2146 427 2191 Cum
462 2145 670 2201 Virgilius
702 2144 928 2186 Mantuam
950 2145 1079 2198 redux
1101 2159 1221 2200 agros
1245 2145 1336 2185 suos
1358 2159 1381 2183 a
1399 2144 1609 2195 veteranis·

253 2220 326 2275 qui
342 2234 409 2260 eos
432 2228 715 2275 occuparant,
745 2218 979 2275 vindicaret
994 2248 1009 2276 ,
1039 2232 1192 2264 nouam
1214 2216 1410 2257 iniuriam
1425 2217 1608 2273 accepit,

254 2303 299 2333 vt
320 2292 418 2332 adeo
441 2292 540 2346 fuga
561 2291 669 2331 vitae
691 2289 901 2345 consulere
928 2288 1081 2330 necesse
1102 2289 1283 2329 haberet.
1346 2287 1466 2328 Patet
1486 2287 1526 2327 id
1553 2302 1606 2329 ex

256 2364 352 2411 Ecl.
397 2363 462 2418 IX
479 2393 492 2413 ,
539 2377 663 2417 quam
699 2371 790 2414 turn
819 2361 1025 2412 Romam,
1057 2371 1102 2404 vt
1137 2362 1271 2411 aiunt,
1301 2357 1527 2415 regressus,
1560 2368 1608 2400 vt

253 2438 390 2488 denuo
421 2434 648 2485 OStauiani
676 2450 749 2490 ope
731 2450 794 2475 m
830 2434 1090 2491 imploraret,
1124 2433 1240 2491 Varo
1261 2430 1454 2490 obtuliffe
1469 2431 1605 2479 videri

256 2506 414 2563 potest3
449 2520 686 2561 quanquam
717 2507 762 2546 in
796 2507 882 2561 ipso
901 2507 1084 2563 carmine
1105 2505 1212 2546 nihil
1240 2518 1287 2545 ea
1307 2504 1356 2547 de
1383 2518 1426 2545 re
1449 2511 1606 2558 praeter

252 2576 528 2622 honorificam
544 2577 645 2618 Vari
660 2589 968 2620 mentionemv
987 2591 1054 2632 27.
1063 2590 1129 2633 35
1148 2577 1346 2618 occurrit.
1363 2592 1403 2618 ν.
1418 2577 1604 2633 Argum·

254 2651 350 2700 Ecl.
375 2649 459 2691 IX.
523 2649 626 2691 Non
654 2652 760 2692 male
794 2652 873 2692 hoc
911 2649 1079 2690 Ruaeus
1114 2650 1198 2704 ipsa
1219 2649 1414 2690 carminis
1435 2649 1603 2699 forma,

253 2738 359 2787 quae
392 2722 629 2782 subitarium
664 2738 831 2780 operam
867 2723 962 2766 satis
1000 2723 1164 2783 prodit,
1196 2721 1433 2783 confirmari
1465 2728 1600 2780 putat,

1370 2791 1601 2853 Menalcan
