1733 3076
316 129 401 173 260
544 126 593 170 P.
616 126 841 169 Vrnorrn
863 118 1094 163 MAnours
1117 117 1396 165 GEORGICA.
1488 123 1589 167 Lib.
1613 137 1656 168 2.
1698 126 1703 132 “

324 233 390 275 Ire
412 233 521 283 loca,
553 240 595 272 et
616 227 829 272 scrobibus
851 223 1055 279 superabit
1075 232 1182 266 terra
1201 223 1386 277 repletis,
1586 237 1667 282 235
1708 260 1710 263 .

327 303 482 358 Spissus
504 316 625 358 ager:
659 299 800 354 glebas
821 296 1061 338 cunitantis
1081 294 1287 350 crassaque
1306 304 1421 351 terga

332 373 554 428 Exspecta,
585 383 626 412 et
645 371 794 431 yalidis
817 379 966 411 terram
989 367 1428 425 proscindejuvenciS.

331 448 444 489 Salsa
465 455 603 487 autem
626 444 769 495 tellus,
800 454 841 484 et
862 457 965 497 quae
989 442 1227 496 perhibetur
1248 453 1402 489 amara,

330 518 545 574 Frugibus
569 516 718 558 infelix
751 517 817 570 (ea
837 529 913 555 nec
935 512 1182 554 mansuescit
1203 512 1378 562 arando,

329 591 426 633 Nec
448 591 608 632 baccho
630 603 778 645 genus,
810 596 883 627 aut
903 587 1036 640 pomis
1059 586 1129 626 sua
1148 585 1321 625 nomina
1344 581 1492 636 servat)
1593 595 1675 638 240

331 662 444 703 Tale
463 662 578 702 dabit
600 661 820 714 specimen.
882 669 928 699 tu
951 657 1068 713 spisso
1088 658 1244 699 vimine
1266 656 1430 712 qualos,

332 735 522 789 Colaque
544 733 778 788 praelorum
799 729 965 771 fumosis
985 730 1123 785 deripe
1144 731 1278 771 tetstis.

335 809 434 849 Huc
455 822 551 864 ager
572 807 645 848 ille
667 804 818 854 malus,
851 803 1073 857 dulcesque
1094 804 1116 844 a
1136 804 1326 844 fontibus
1348 803 1481 844 undae

333 880 403 921 Ad
422 879 597 934 plenum
619 878 849 919 calcentur.
911 892 1017 932 aqua
1037 877 1287 918 eluCtabitur
1309 876 1444 917 omnis

336 952 529 1002 Scilicet,
560 960 602 991 et
624 951 796 1007 grandes
819 952 940 992 ibunt
961 965 1030 1006 per
1049 950 1209 991 vimina
1231 958 1387 1005 guttae.
1599 955 1680 1000 245

334 1023 396 1064 At
418 1023 531 1076 sapor
552 1021 756 1062 indicium
778 1023 902 1063 faciet
924 1022 1180 1073 manifestus,
1211 1032 1251 1062 et
1271 1036 1343 1062 ora

336 1095 496 1136 Tristia
516 1104 754 1135 tentantum
777 1095 891 1136 sensu
913 1096 1125 1150 torquebit
1147 1108 1321 1135 amaror.

336 1166 513 1222 Pinguis
536 1167 633 1205 item
655 1179 760 1220 quae
778 1165 826 1207 sit
846 1168 987 1219 tellus,
1019 1169 1098 1208 hoc
1120 1168 1298 1222 denique
1322 1166 1442 1220 padio

337 1238 569 1281 Discimus.
631 1238 738 1278 haud
761 1253 961 1293 umquam
982 1241 1174 1280 manibus
1191 1240 1347 1296 jacff'tata
1368 1238 1537 1288 fatiscit,

342 1312 419 1353 Sed
441 1312 544 1366 picis
567 1313 608 1352 in
632 1326 785 1351 morem
807 1313 855 1352 ad
877 1313 1032 1368 digitos
1055 1312 1244 1352 lentescit
1266 1311 1469 1352 habendo.
1601 1321 1684 1364 250

340 1384 528 1424 Humida
548 1385 721 1440 majores
743 1384 819 1424 alit
840 1384 1001 1435 herbas,
1036 1385 1200 1438 ipsaque
1219 1383 1330 1441 justo

341 1456 525 1499 Laetior.
587 1458 638 1497 ah
660 1458 839 1498 nimium
860 1471 910 1497 ne
932 1455 980 1496 fit
1001 1457 1103 1496 mihi
1126 1456 1272 1496 fertilis
1295 1456 1386 1508 illa,

339 1530 442 1571 Neu
465 1531 500 1570 se
523 1530 797 1584 praevalidam
820 1530 963 1584 primis
983 1529 1168 1570 ostendat
1189 1528 1315 1569 aristis
1338 1527 1346 1569 l

345 1602 467 1657 Qae
488 1602 622 1657 gravis
643 1602 715 1653 est,
748 1603 835 1657 ipso
857 1603 1026 1642 tacitam
1049 1602 1085 1642 se
1108 1602 1285 1656 pondere
1307 1601 1470 1655 prodit3

345 1675 551 1730 Quaeque
574 1675 691 1715 levis.
746 1685 985 1729 promptum
1005 1675 1060 1715 est
1080 1674 1216 1715 oeulis
1239 1673 1485 1728 praediscere
1506 1672 1687 1728 nigram,

346 1745 405 1787 Et
426 1746 519 1799 quis
541 1746 607 1785 cui
631 1746 759 1786 color.
808 1756 849 1786 at
871 1748 1111 1787 sceleratum
1133 1747 1352 1799 exquirere·
1370 1745 1500 1799 frigus
1609 1744 1693 1800 256

347 1816 536 1860 Difficile
557 1816 613 1856 est
633 1830 641 1855 :
676 1819 811 1870 piceae
833 1826 1013 1867 tantum,
1047 1817 1220 1870 taxique
1242 1825 1437 1857 nocentes

347 1889 583 1940 Interdum,
616 1898 689 1929 aut
709 1889 847 1930 ederae
870 1889 1057 1944 pandunt
1077 1888 1244 1943 vestigia
1265 1889 1420 1944 nigrae.

349 1961 428 2001 His
448 1959 752 2010 animadversis,
786 1970 932 2002 terram
955 1962 1092 2002 multo
1114 1970 1208 2001 ante
1230 1971 1439 2002 memento

351 2033 616 2087 Excoquere,
649 2044 690 2073 et
713 2048 886 2089 magnos
909 2034 1122 2074 scrobibus
1144 2033 1361 2074 concidere
1381 2034 1553 2085 montis,
1615 2033 1697 2078 260
1720 2036 1724 2042 ’

351 2107 466 2147 Ante
489 2106 696 2159 supinatas
718 2106 907 2160 aquiloni
929 2105 1135 2147 ostendere
1157 2106 1314 2161 glebas,

350 2178 494 2232 Qarn
516 2178 672 2218 laetum
689 2177 866 2219 infodias
885 2179 983 2221 vitis
1001 2194 1146 2235 genus.
1208 2180 1368 2234 optima
1389 2181 1500 2234 putri

354 2255 468 2293 Arva
492 2251 602 2292 solo:
638 2251 678 2292 id
700 2252 812 2293 venti
835 2260 1000 2303 curant,
1034 2251 1274 2307 gelidaeque
1296 2252 1483 2305 pruinae,

352 2323 410 2364 Et
432 2322 632 2365 labefacta
652 2337 821 2366 movens
842 2323 1033 2365 robustus
1049 2326 1199 2381 jugera
1219 2322 1356 2364 fossor.

408 2481 494 2519 309.
518 2469 674 2519 Bitter.]
708 2470 860 2508 Amaror
887 2469 918 2508 is
950 2470 991 2508 in
1018 2470 1082 2508 the
1113 2470 1201 2520 style
1226 2469 1273 2508 of
1293 2468 1508 2514 Lucretius,
1537 2469 1613 2509 and
1639 2470 1704 2509 the
1721 2454 1733 2473 ῳ

355 2529 437 2558 true
458 2521 641 2573 reading3
673 2522 819 2574 though
841 2535 954 2574 many
969 2523 1058 2562 read
1082 2537 1218 2568 amarO,
1249 2521 1409 2574 making
1428 2521 1459 2560 it
1485 2535 1596 2574 agree
1613 2523 1709 2572 with,
1730 2559 1733 2562 Α

343 2573 469 2621 sensi.
1471 2577 1677 2615 Szavxus.

412 2638 499 2673 31¹·
529 2627 720 2677 Itsticks.]
749 2629 813 2665 Ad
838 2630 968 2680 digitos
995 2628 1146 2679 hutescit
1174 2627 1343 2673 habendo,
1373 2640 1513 2666 cannot
1542 2629 1664 2666 startle
1682 2640 1704 2666 a

355 2674 518 2717 delicate
538 2691 602 2718 ear
630 2679 668 2720 so
686 2680 801 2722 much
822 2694 860 2721 as
878 2681 975 2721 must
1001 2682 1064 2721 the
1085 2680 1303 2722 transsation
1331 2680 1378 2720 of
1397 2680 1479 2721 that
1502 2681 1704 2772 exprefffion

1622 2745 1705 2772 rom
