1733 3076
332 107 415 152 304
557 93 606 135 P.
631 91 861 134 Vmoun
886 88 1118 131 MARoms
1141 87 1420 133 GEORc1cA.
1513 85 1612 135 Lib.
1636 105 1680 152 3.

331 199 485 240 Martis
506 198 602 251 equi
624 196 804 251 bijuges,
836 201 876 232 et
896 193 1036 248 magni
1059 206 1204 233 currus
1226 192 1426 235 Achillis.

333 272 459 313 Talis
479 279 520 310 et
542 269 623 322 ipse
639 267 786 323 jubam
808 265 966 307 cervice
986 263 1136 305 effudit
1155 265 1309 319 equina

331 342 544 399 Conjugis
566 339 744 380 adventu
766 338 913 392 pernix
935 336 1158 387 Saturnus,
1190 346 1233 377 et
1252 336 1385 380 altum

331 417 477 460 Pelion
500 414 668 454 hinnitu
692 411 859 467 fugiens
881 409 1059 465 inplevit
1079 418 1215 449 acuto.

330 489 460 531 Hunc
477 501 662 543 quoque,
678 485 748 525 ubi
766 492 837 525 aut
852 485 998 525 morbo
1014 483 1169 539 graviS‚
1185 481 1356 537 autjam
1371 481 1530 536 segnior
1548 485 1669 525 annis

331 561 510 612 Deficit,
542 559 643 600 abde
665 558 814 606 doin03
848 573 924 598 nec
947 558 1057 611 turpi
1081 555 1246 611 ignosce
1269 557 1465 597 senectae.
1625 560 1685 615 96

331 634 528 691 Frigidus
550 635 595 674 in
616 644 806 673 venerem
829 631 979 682 senior,
1013 629 1243 684 frustraque
1265 629 1448 670 laborem

330 709 552 766 Ingratum
572 707 700 749 trahit
720 719 728 745 :
763 713 820 756 et,
843 703 872 745 fi
894 703 1060 759 quando
1082 703 1131 743 ad
1154 704 1311 757 proelia
1332 714 1503 746 ventum
1524 705 1598 757 est,

329 783 396 823 Ut
418 781 627 837 quondam
651 781 694 835 in
716 777 865 833 stipula
885 791 1061 832 magnus
1083 776 1166 817 sine
1186 777 1344 817 viribus
1366 777 1494 832 ignis,

329 854 540 897 Incassum
561 854 677 895 furit.
739 866 835 907 ergo
857 851 1014 891 animos
1036 865 1264 904 aevomque
1285 851 1452 891 notabis
1602 865 1683 899 100

330 929 582 983 Praecipue:
616 926 716 967 hinc
738 925 837 966 alias
860 925 978 975 artis,
1011 923 1254 979 prolemque
1277 933 1512 978 parentum,

331 1002 389 1043 Et
410 1001 504 1056 quis
526 999 679 1054 cuique
700 997 818 1038 dolor
839 997 967 1047 vieto,
1000 1011 1104 1051 quae
1125 996 1258 1051 gloria
1279 996 1453 1050 palmae.

332 1074 489 1116 Nonne
510 1072 639 1122 vides,
671 1086 769 1111 cum
791 1070 1008 1124 praecipiti
1030 1068 1256 1109 certamine
1278 1082 1472 1121 campum

333 1147 599 1201 Corripuere,
631 1141 979 1198 ruuntque'effufi
1000 1156 1161 1181 carcere
1181 1154 1344 1190 currus,

333 1219 447 1260 Cum
470 1218 555 1273 spes
577 1216 753 1257 arreifftae
769 1217 991 1271 juvenum,
1023 1215 1359 1268 exsultantiaque
1381 1213 1520 1253 haurit
1602 1225 1680 1268 105

335 1291 476 1334 Corda
496 1305 622 1345 pavor
645 1289 814 1344 pulsans
837 1303 844 1327 :
881 1289 944 1330 illi
966 1288 1118 1330 instant
1137 1288 1305 1330 verbere
1327 1296 1460 1338 torto,

334 1366 392 1408 Et
413 1366 533 1420 proni
555 1364 652 1405 dant
674 1363 762 1404 lora
783 1377 805 1417 ²„
827 1361 940 1403 volat
959 1363 1000 1403 vi
1021 1361 1205 1402 fervidus
1227 1361 1331 1401 axis.

333 1440 514 1495 Jamque
535 1436 730 1487 humiles,
758 1437 929 1492 jamque
950 1435 1047 1475 elati
1069 1433 1244 1474 sublime
1266 1433 1460 1474 videntur

334 1515 444 1555 Ae'ra
465 1526 534 1567 per
553 1524 733 1553 vacuum
755 1510 868 1558 ferri,
901 1517 1026 1562 atque
1048 1506 1264 1562 adsurgere
1284 1507 1327 1547 in
1349 1520 1484 1547 auras.

333 1588 427 1627 Nec
451 1600 580 1636 mora,
613 1598 689 1625 nec
711 1583 891 1637 requies.
955 1589 996 1619 at
1019 1578 1158 1620 fulvae
1179 1579 1347 1620 nimbus
1370 1593 1516 1620 arenae
1602 1591 1683 1621 110

331 1659 550 1700 Tollitur:
586 1657 834 1698 humescunt
857 1654 1028 1708 spumis,
1060 1653 1246 1706 flatuque
1267 1643 1529 1707 sequentum-⁴

333 1733 506 1772 Tantus
529 1745 643 1771 arnor
665 1729 853 1777 laudum,
886 1733 1024 1766 tantae
1045 1724 1100 1764 est
1121 1724 1293 1764 vietoria
1314 1738 1449 1764 curae.

333 1805 497 1846 Primus
519 1802 827 1845 Erichthonius
852 1813 998 1840 currus
1020 1808 1061 1838 et
1083 1805 1265 1852 quatuor
1288 1797 1410 1837 ausus

333 1878 516 1933 Jungere
537 1890 683 1931 equos,
717 1872 960 1928 rapidusque
981 1871 1084 1912 rotis
1105 1867 1283 1911 insistere
1305 1869 1451 1910 vietor.

390 2052 475 2090 132.
506 2038 595 2076 Such
625 2034 792 2086 Satura]
841 2035 983 2086 Heyne
1011 2034 1098 2074 well
1127 2032 1296 2072 observes
1329 2046 1378 2071 on
1404 2031 1477 2070 this
1502 2029 1680 2082 paffage3
1727 2031 1730 2034 ’

332 2094 436 2131 talem
449 2095 607 2144 formam
635 2089 789 2128 habebat
810 2094 874 2137 (at
893 2088 997 2140 quam
1016 2089 1137 2126 ornat}
1163 2088 1224 2124 hoc
1248 2090 1352 2137 pob'ta
1371 2084 1524 2129 extulit)
1553 2084 1682 2121 Satur·

332 2161 411 2190 nus,
440 2161 513 2183 cum
531 2148 608 2195 equi
630 2143 776 2193 speciem
805 2143 1012 2193 affimglzffit,
1041 2153 1077 2179 ut
1095 2144 1211 2192 furta
1227 2141 1301 2189 fita
1324 2154 1397 2177 cum
1428 2136 1585 2186 Philyre,
1617 2151 1683 2174 un-

332 2202 373 2238 de
393 2200 526 2237 Chiron
544 2208 662 2240 natus,
692 2199 730 2232 in
753 2195 850 2233 Pelio
869 2204 958 2244 opem
977 2195 1117 2233 celaret.

386 2255 470 2301 148.
501 2252 586 2301 Dost
604 2250 685 2287 thou
709 2259 765 2285 not
782 2248 875 2298 stin]
918 2248 983 2286 No
1011 2244 1237 2297 description
1266 2257 1341 2282 was
1369 2255 1456 2291 ever
1481 2254 1583 2279 more
1603 2240 1679 2291 spi-

331 2305 429 2343 rited
449 2304 525 2341 and
545 2303 660 2351 lively
680 2302 772 2338 than
798 2301 871 2338 this
891 2300 937 2338 of
958 2302 1022 2339 the
1051 2299 1199 2338 chariot
1222 2310 1320 2335 race.
1376 2296 1463 2334 The
1494 2303 1582 2344 poet
1614 2294 1680 2331 has

329 2356 503 2397 crowded
540 2356 621 2393 into
641 2369 662 2392 a
682 2354 753 2392 few
773 2354 868 2391 lines
896 2354 947 2391 all
979 2355 1043 2392 the
1076 2352 1361 2391 circumstances
1395 2350 1476 2385 that
1505 2360 1567 2383 are
1587 2346 1680 2384 most

332 2410 491 2461 striking
508 2410 548 2447 in
576 2409 637 2446 the
658 2406 806 2444 famous
828 2405 1057 2458 description
1083 2404 1129 2443 of
1151 2404 1316 2445 Homer,
1345 2400 1420 2447 ancl
1447 2399 1478 2436 it
1507 2400 1600 2436 must
1635 2398 1682 2436 be

329 2462 465 2503 owned
484 2463 549 2500 has
569 2462 656 2499 here
676 2459 844 2497 excelled
877 2460 940 2497 the
975 2457 1107 2497 Greek
1134 2467 1234 2507 poet.
1294 2456 1381 2492 One
1414 2465 1500 2500 may
1532 2451 1610 2501 say,
1641 2464 1681 2488 as

329 2516 526 2567 Longinus
546 2516 633 2553 does
655 2526 704 2551 on
726 2513 856 2550 almost
876 2527 897 2550 a
916 2513 1055 2551 similar
1073 2510 1258 2552 occafion,
1275 2508 1356 2544 that
1375 2505 1438 2543 the
1459 2504 1538 2541 soul
1557 2503 1601 2542 of
1617 2502 1681 2542 the

330 2570 460 2606 reader
489 2569 536 2614 is,
575 2582 613 2605 as
642 2566 673 2603 it
704 2579 816 2611 were,
846 2566 1028 2605 mounted
1059 2565 1102 2604 in
1132 2563 1195 2601 the
1223 2561 1384 2605 chariot,
1414 2556 1490 2595 and
1523 2555 1681 2596 wliirled

331 2623 450 2672 along
469 2622 508 2659 in
530 2622 594 2659 the
617 2632 702 2657 race
722 2619 812 2657 with
833 2619 878 2656 it.
1375 2644 1379 2649 .

387 2675 471 2713 160.
502 2673 786 2724 Erichthonius.]
823 2673 937 2723 Bigas
949 2671 1101 2722 primum
1109 2670 1239 2719 junxit
1266 2667 1442 2717 Phrygum
1457 2667 1570 2707 natio,
1590 2676 1679 2714 qua·

329 2730 452 2779 drigas
484 2728 746 2766 Erichthonius.
805 2725 931 2776 Pliny.
998 2723 1062 2761 He
1093 2720 1260 2760 likewise
1296 2720 1393 2771 says,
1435 2718 1519 2759 that
1550 2715 1677 2805 Βεζε-

1533 2780 1602 2819 top
1630 2778 1683 2806 οι

797 2843 850 2874 10
