1733 3076
262 91 263 94 ¹
331 71 467 115 PER
518 67 777 112 ANNOS
830 64 1208 111 DIGES'TA..
1385 78 1442 133 45

106 179 186 221 mis
206 175 527 230 triumphalibus
548 177 591 216 in
613 175 665 215 iis
685 171 863 216 verfibus
884 179 1044 227 agatur.
1106 167 1182 210 Sed
1211 166 1304 209 vide
1325 167 1444 222 supra

106 251 154 292 ad
177 248 235 291 V.
260 247 315 291 C.
340 262 435 305 711.

161 320 257 361 Hoc
289 334 400 360 anno
439 318 660 359 Horatium
695 309 933 358 Maecenati
965 331 987 356 a
1026 313 1212 370 Virgilio
1237 308 1278 353 et
1311 309 1445 352 Vario

103 392 441 434 commendatum
461 390 563 441 effe,
597 390 855 432 Sanadonius
876 388 924 429 de
951 388 1188 428 coniectura
1220 385 1360 440 ponit,
1392 398 1444 426 ex

88 463 252 513 ,Horat.
290 463 384 507 Sat.
421 463 466 514 I,
508 464 551 513 6,
593 475 662 517 55.
696 462 807 516 quod
839 461 944 501 forte
966 459 1167 499 maturius
1200 458 1383 508 saecum,
1414 455 1446 498 fi.

102 535 369 592 Weffelingii
400 535 600 577 sententia
621 533 741 576 Obff.
774 532 848 584 II,
885 546 949 587 15.
973 546 1066 573 vera
1085 529 1165 580 est,
1198 544 1288 570 vere
1319 531 1444 572 huius

103 610 227 660 anni,
259 623 354 650 cum
372 609 587 649 Antonius
618 607 797 649 Athenis
829 603 1096 646 Brundisium
1126 601 1368 657 appuliffet,
1399 610 1446 663 vt

102 681 295 722 condicta
314 681 378 721 die
400 695 495 721 cum
518 679 688 721 Caesare
709 678 970 733 colloquium
991 676 1182 726 haberet,
1215 676 1264 715 ab
1286 674 1444 730 Agrip·

104 768 156 808 pa
175 763 216 794 et
236 751 506 804 Maecenate,
540 753 612 807 qui
648 768 697 794 eo
729 752 1025 801 accurrebant,
1057 749 1305 798 Horatium,
1337 745 1444 787 Vir-

103 826 278 882 gilium,
301 824 486 866 PlotIum
507 840 553 866 ac
577 824 755 866 Varium
776 823 1000 865 adductum
1021 821 1151 862 fuisse.
1215 819 1315 874 Qa
1335 819 1384 859 de
1401 833 1446 864 re

101 914 142 940 v.
167 898 312 940 Horat.
339 898 424 939 Sat.
458 897 494 938 I.
528 910 568 951 5.
602 896 801 951 Egreffum
831 909 969 948 magna
990 899 1069 933 etc.
1093 892 1282 946 inprimis
1303 907 1343 932 v.
1367 905 1439 945 40.

85 970 192 1011 -Alii
214 970 261 1009 ad
283 969 485 1023 colloquii
508 968 687 1009 Tarenti
712 967 843 1008 habiti
867 976 1028 1020 tempus
1059 979 1095 1005 a.
1130 978 1210 1020 717
1243 964 1441 1006 referunt.

103 1057 142 1084 v.
166 1040 346 1082 Maffon.
370 1042 455 1083 vita
476 1041 641 1082 Horatii
659 1041 708 1082 ad
737 1041 833 1097 716.
858 1039 971 1095 quod
990 1048 1032 1080 et
1052 1039 1184 1093 ipsum
1206 1051 1324 1077 verno
1346 1046 1442 1076 tem-

96 1123 190 1170 pore
205 1114 367 1155 incidit.
414 1129 454 1155 v.
479 1113 663 1167 Appian.
688 1129 727 1168 p.
756 1127 878 1168 1149.
900 1121 945 1154 vt
960 1110 1060 1154 adeo
1074 1108 1351 1166 Weffelingio
1370 1119 1449 1151 cur

102 1185 336 1242 adstipuler‚
368 1185 553 1227 nondum
577 1186 764 1226 habeam.

628 1298 687 1341 V.
722 1298 777 1341 C.
811 1300 908 1356 716.

241 1374 346 1431 App.
368 1373 557 1416 Claudius
577 1372 760 1415 Pulcher.
823 1370 870 1411 C.
901 1371 1113 1414 Norbanus
1137 1371 1301 1416 Flauus.

501 1465 540 1490 a.
573 1447 620 1488 C.
655 1447 723 1503 38.
785 1443 951 1499 Virgilii
971 1445 1034 1502 ἐξ.

158 1534 376 1578 Bucolicis
397 1538 478 1578 hoc
493 1551 604 1578 anno
618 1534 745 1576 finem
772 1533 1008 1589 impositum
1036 1541 1079 1575 et
1108 1532 1314 1589 Eclogam
1342 1531 1446 1574 adeo

105 1605 149 1648 X
172 1597 448 1662 conscriptam
468 1608 544 1649 effe
559 1639 573 1660 ‚
606 1607 774 1649 Ruaeus
796 1621 894 1648 cum
914 1606 1008 1652 aliis
1028 1605 1264 1656 existimat3
1296 1619 1342 1646 ea
1363 1605 1444 1646 sci-

100 1678 201 1719 licet
229 1678 361 1719 cauffa
391 1679 602 1731 inductus,
633 1679 745 1735 quod
774 1677 1052 1720 Grammatici
1084 1679 1191 1719 intra
1217 1678 1445 1719 triennium

100 1749 304 1793 Bucolica
324 1752 509 1793 absoluta
525 1751 642 1793 fuisse
662 1760 908 1793 memorant.
958 1767 999 1793 v.
1023 1750 1182 1792 Donat.
1208 1749 1353 1807 Vita§
1373 1750 1442 1807 36.

100 1821 262 1866 Phocas
283 1841 322 1866 v.
346 1838 415 1882 95.
479 1825 556 1866 Sed
576 1826 794 1866 hominum
816 1824 986 1864 illorum
1013 1824 1173 1864 vanitas
1190 1838 1286 1864 curn
1308 1837 1446 1864 rerum

103 1898 359 1952 argumentis
376 1908 466 1937 tum
484 1898 534 1938 iis
558 1898 666 1952 ipsis,
699 1913 803 1952 quae
825 1897 917 1937 aliis
940 1897 1044 1938 locis
1066 1897 1342 1952 repugnantia
1358 1906 1442 1936 tra-

103 1967 232 2019 dunt,
270 1969 390 2009 facile
412 1971 612 2025 arguitur.
675 1971 801 2011 Nihil
838 1971 978 2024 itaque
998 1980 1235 2011 commento
1266 1968 1330 2010 illi
1360 1969 1444 2010 iarn

105 2037 318 2082 Martinus
339 2044 487 2083 tribuit
507 2044 550 2084 in
573 2044 666 2101 Life
687 2048 735 2101 of
757 2044 891 2098 Virgil
908 2060 947 2098 p.
974 2041 1144 2084 LXIV.
1165 2058 1206 2099 g.

97 2106 106 2172 J
160 2115 222 2155 At
252 2115 359 2156 idem
398 2118 462 2158 vir
501 2117 750 2174 doctiffimus
773 2134 812 2172 p.
837 2115 993 2158 LXIII
1025 2116 1073 2157 ad
1107 2117 1222 2157 hunc
1251 2129 1440 2167 annum,

97 2183 338 2228 ‚Meliboeam
373 2187 466 2230 VII.
491 2188 687 2243 Eclogam‚
734 2190 853 2230 cuius
890 2188 1047 2242 alioqui
1085 2189 1292 2228 incertum
1323 2186 1446 2241 plane

102 2267 265 2313 tempus
306 2259 390 2311 est,
436 2252 599 2312 refert,'
634 2262 715 2301 hoc
753 2275 836 2301 vno
873 2269 1115 2315 argumento
1158 2260 1275 2311 vsus,
1321 2274 1373 2300 ne
1407 2260 1445 2301 is

104 2343 238 2372 annus
283 2333 443 2386 prorsus
497 2333 641 2388 aliquo
681 2332 911 2391 Vvirgiliani
957 2332 1117 2388 ingenii
1169 2341 1447 2375 monumento

103 2413 234 2445 vacet.
