1733 3076
279 95 335 141 50
403 144 405 146 ,
599 81 649 127 Ρ.
699 80 1062 127 VIRG1L11
1109 81 1308 127 v1TA.
1360 140 1364 142 ,

279 191 431 233 ridates
451 205 581 247 regno
598 202 622 230 a
637 188 813 230 Phraate
830 185 975 241 pulsus
996 186 1039 226 in
1058 184 1222 242 Syriam
1244 188 1507 245 confugerat,
1527 196 1585 243 et,
1607 195 1657 234 vt

280 264 433 307 Caesar
469 265 505 304 se
539 261 743 303 Romanis
777 258 911 313 copiis
946 257 1201 311 restitueret,
1236 260 1519 315 supplicabat,
1553 279 1651 306 curn

275 340 436 381 interea
452 335 576 391 legati
599 348 622 373 a
643 331 820 372 Phraate
836 332 939 373 miffi
960 341 1002 372 et
1018 330 1260 373 Tiridatem
1282 330 1357 373 sibi
1374 333 1485 376 reddi
1507 334 1649 389 postu-

271 394 412 453 larent
433 417 474 448 et
495 406 723 451 amicitiam
746 419 844 447 cum
867 404 1040 446 Caesare
1068 406 1305 461 iungerent,
1370 405 1521 448 Caesar
1540 409 1652 450 Vtri-¹

276 498 358 540 que
380 481 554 523 comiter
573 479 809 534 respondit,
841 488 883 519 et
912 477 1101 520 Phraatis
1127 478 1291 530 filium,
1324 478 1406 521 fiue
1427 496 1450 521 a
1471 480 1648 524 Phraate
1706 499 1709 505 ¹

275 557 356 601 siue
377 571 399 596 a
420 553 615 595 Tiridate
637 561 883 607 acceptum,
921 551 1101 596 Romam
1135 552 1272 593 secum
1303 553 1480 597 abduxit
1505 564 1547 596 et
1572 570 1649 611 pro

274 628 411 671 obfide
432 628 593 668 habuit.
639 642 679 666 v.
704 624 793 667 Dio
814 624 844 665 l.
868 624 898 666 l.
1599 619 1605 626 ’

313 688 421 744 'Iam
455 702 537 742 hoc
569 714 680 740 anno
714 698 906 740 vltimam
939 695 1166 755 Georgicis
1203 714 1376 741 manum
1412 699 1667 754 adhibitam-

273 774 351 816 effe
364 805 377 826 ,
398 773 583 830 vulgaris
603 771 658 813 est
675 771 844 826 opini0,
868 771 998 827 inque
1015 786 1105 812 eam
1124 774 1370 815 sententiam
1386 776 1524 816 versus
1545 774 1653 816 libr's

274 848 341 890 IV
359 856 466 890 extr.
492 848 839 901 interpretantur,
863 859 941 885 nec
962 854 1102 887 tamen
1123 846 1203 899 sic,
1225 857 1271 890 vt
1291 849 1433 890 omnia
1454 846 1641 891 satis'ex-

273 923 465 981 pediant:
501 920 647 978 Caesar
666 920 755 961 dum
775 934 937 972 magnus
957 920 1013 959 ad
1032 919 1154 962 altum
1176 921 1379 963 Fulminat
1399 922 1641 978 Euphratem

273 997 389 1047 bello,
412 997 612 1050 vic70rque
631 994 794 1035 volentes
815 992 897 1034 Per
908 993 1066 1048 populos
1081 994 1150 1035 dat
1170 995 1262 1036 iura
1282 996 1463 1051 viamque
1477 997 1640 1052 affiHat

273 1071 443 1125 Olympo.
508 1068 669 1108 Verum
704 1065 873 1121 quidem
903 1065 983 1116 est,
1016 1065 1093 1107 effe
1123 1081 1219 1108 eum
1251 1078 1465 1123 poetarum
1485 1068 1639 1110 saeculi

273 1141 475 1198 Augustei
512 1150 754 1195 perpetuum
789 1153 969 1191 morem,
1007 1149 1078 1191 vt,
1114 1154 1368 1194 quamquam
1399 1139 1508 1180 nihil
1542 1141 1637 1182 Au-

272 1216 414 1273 gustus
431 1246 443 1266 ,
464 1214 573 1270 quod
591 1213 811 1255 admodum
829 1213 1096 1254 memorabile
1111 1211 1234 1263 esset,
1253 1212 1445 1254 aduersus
1461 1211 1637 1255 Parthos

271 1290 456 1346 gefferit,
491 1287 711 1344 magnifice
737 1297 876 1328 tamen
898 1287 946 1328 de
975 1287 1096 1328 rebus
1117 1286 1202 1327 eius
1225 1284 1432 1327 Parthicis
1454 1286 1635 1342 loquan-

270 1373 353 1404 tur.
417 1361 593 1403 Constat
610 1376 730 1417 porro
750 1376 772 1402 e
789 1360 959 1413 Dione,
983 1359 1070 1410 LI,
1095 1373 1163 1403 20.
1187 1359 1344 1400 litteras
1362 1360 1411 1400 de
1427 1358 1635 1402 Parthicis

271 1437 394 1477 rebus
436 1436 560 1476 initio
599 1436 697 1476 anni
740 1435 945 1490 sequentis
986 1433 1166 1475 Romam
1206 1433 1351 1474 allatas
1389 1440 1553 1473 tantum
1584 1431 1635 1472 ad

271 1508 484 1564 publicam
521 1509 846 1565 gratulationem
877 1509 1079 1549 momenti
1114 1506 1322 1558 habuiffe,
1356 1515 1401 1548 vt
1432 1507 1636 1549 illustrare

231 1569 236 1579 “
270 1582 473 1637 reliquam
494 1596 662 1623 omnem
691 1581 876 1624 Caesaris
906 1582 1117 1622 fortunam
1138 1580 1390 1623 viderentur.
1453 1580 1637 1623 Videtur

270 1668 409 1697 tamen
450 1655 555 1697 illud
571 1686 584 1706 ,
616 1657 705 1698 dum
730 1656 928 1714 fulminat
967 1656 1021 1696 acl
1058 1654 1298 1710 Euphratem
1313 1685 1326 1705 ,
1363 1670 1438 1709 pro
1470 1670 1514 1696 re
1550 1665 1638 1698 tam

269 1731 416 1780 tenui,
450 1745 496 1770 ac
519 1729 666 1785 legatis
691 1729 866 1781 auditis,
901 1729 1026 1769 nimis
1059 1728 1281 1769 fastuosum
1308 1727 1407 1778 effe3
1442 1738 1487 1770 vt
1509 1728 1634 1781 adeo,

270 1802 298 1844 fi
335 1803 427 1858 quis
458 1818 554 1844 cum
576 1802 770 1844 Martino
803 1803 846 1843 in
880 1817 1036 1842 annum
1060 1815 1137 1858 731
1174 1801 1269 1842 illos
1291 1802 1428 1843 versus
1450 1802 1636 1857 adeoque

269 1876 395 1918 finem
436 1875 746 1933 Georgicorum
787 1876 961 1926 referat,
1004 1875 1197 1931 equidem
1236 1889 1322 1916 non
1362 1875 1632 1916 intercedam.

268 1949 386 1991 Nam
418 1949 534 1990 illam
568 1951 872 2000 narrationem,
904 1949 1119 2005 septennio
1151 1945 1368 2004 Georgica
1400 1947 1587 1989 absoluta
1610 1963 1634 1990 a

268 2034 389 2083 poeta
411 2023 553 2074 fuisse,
584 2039 624 2064 v.
650 2023 810 2065 Donat.
837 2023 861 2080 §
884 2037 954 2078 40.
978 2022 1173 2065 vndecim
1194 2031 1334 2062 autem
1361 2036 1492 2062 annos
1514 2021 1633 2062 fuisse

269 2096 446 2138 Aeneidi
468 2097 697 2151 impensos,
727 2106 772 2137 vt
793 2096 892 2137 adeo
913 2097 962 2136 ab
985 2097 1062 2136 hac
1085 2096 1180 2137 inde
1201 2097 1336 2136 hieme
1357 2111 1450 2137 eum
1473 2096 1522 2137 ad
1544 2097 1630 2137 Ae-

268 2169 388 2210 neida
409 2169 596 2209 animum
618 2169 829 2210 aduertiffe
848 2169 1001 2210 necesse
1022 2168 1094 2221 fit,
1118 2172 1225 2211 inter
1242 2168 1633 2212 Grammaticorum

268 2253 506 2284 commenta
528 2242 782 2283 referendam
802 2240 879 2282 effe
901 2251 1017 2296 puto.
1080 2241 1207 2283 Forte
1237 2243 1363 2283 etiam
1393 2243 1437 2284 in
1458 2241 1630 2297 reliquis

266 2317 352 2358 illis
376 2315 685 2372 Georgicorum
705 2315 811 2357 locis
834 2314 905 2367 II,
934 2331 1013 2372 170
1029 2341 1048 2348 -
1071 2331 1165 2374 173.
1190 2314 1285 2367 III,
1309 2316 1363 2360 26
1380 2340 1399 2346 -
1415 2331 1467 2373 33
1483 2346 1496 2366 ,
1519 2331 1630 2357 non·
1671 2332 1674 2337 ’

268 2390 387 2431 nulla
410 2389 512 2440 sint,
538 2405 643 2445 quae
664 2390 813 2432 melius
832 2391 951 2432 illius
973 2392 1102 2442 anni,
1125 2403 1251 2443 quam
1272 2388 1397 2429 huius
1412 2419 1426 2438 ,
1449 2388 1552 2429 aeris
1574 2389 1628 2429 il-

268 2463 436 2505 lustrata
462 2464 614 2506 videas.
684 2466 724 2507 A
756 2463 957 2505 Tristano
985 2463 1095 2520 Hist.
1114 2462 1292 2518 generale
1312 2463 1375 2503 des
1397 2462 1634 2518 Empereurs

269 2537 330 2577 T.
357 2535 391 2576 I.
421 2552 460 2591 p.
491 2551 566 2594 137
589 2537 902 2580 conclusionem
924 2535 1237 2593 Georgicorum
1259 2537 1303 2576 in
1328 2550 1484 2578 annum
1505 2551 1633 2591 expe-

268 2611 440 2652 ditionis
464 2609 559 2654 Caii
582 2610 771 2653 Caesaris
799 2613 842 2654 in
863 2610 1066 2662 Parthos,
1096 2625 1200 2666 quae
1222 2611 1265 2651 in
1288 2625 1324 2651 a.
1351 2622 1434 2667 754
1456 2610 1632 2661 incidit,

268 2685 374 2725 male
396 2686 561 2738 referri,
584 2688 666 2729 iam
686 2685 881 2730 Norifius
909 2686 1073 2730 notauit
1094 2684 1335 2741 Cenotaph.
1358 2682 1498 2726 Pisan.
1520 2682 1630 2726 Diff.

267 2758 327 2801 II.
353 2775 393 2816 p.
419 2773 516 2817 249.

1395 2831 1627 2888 Virgilium
