1733 3076
322 111 380 170 58
585 155 587 157 ,
657 107 707 153 1³.
759 105 1113 151 v1RG1L11
1160 98 1356 156 VITA'

327 229 410 262 10-
425 229 479 272 14
507 212 694 268 accepit)
722 213 967 254 comburere
988 211 1185 265 voluisse,
1210 228 1338 267 mox,
1358 224 1405 260 vt
1425 216 1581 261 Aeneis
1602 219 1685 260 sal-

321 300 407 333 tem
444 290 782 337 combureretur,
822 295 1022 342 tanquam
1065 287 1357 342 imperfecstum
1389 306 1522 346 opus,
1558 292 1683 334 testa-

321 373 465 417 mento
486 363 625 403 iubere
645 358 842 412 voluisse,
877 361 1072 413 tandem,
1109 360 1342 403 amicorum
1370 363 1562 416 precibus
1589 365 1682 406 vic-

319 447 442 488 tum,
469 435 606 477 Vario
633 448 681 477 ac
711 434 914 486 Tuccae‚
946 434 995 476 de
1026 435 1182 490 quibus
1209 450 1249 476 v.
1284 434 1332 475 ad
1361 433 1523 477 Donat.
1558 436 1583 493 §
1609 449 1680 494 53.

320 511 476 565 scripta
510 510 582 552 sua
613 507 786 567 legaffe‚
823 522 871 550 ea
905 508 980 550 sub
1021 508 1265 550 conditione
1300 523 1352 550 ne
1386 508 1682 561 emendarent,

320 592 465 626 narrat
495 581 693 625 Donatus
726 582 751 638 ᾗ
774 595 844 637 52.
879 595 948 640 53.
983 583 1034 625 ab
1065 582 1116 625 iis
1144 592 1308 634 tamen,
1339 581 1444 623 iuss‘u
1467 581 1683 635 Caesaris,

322 655 556 699 Aeneidem
576 655 837 697 emendatam
859 654 1001 708 fuisse,
1035 657 1079 698 in
1113 657 1254 697 eadem
1287 656 1494 712 farragine
1522 669 1684 697 memo-

321 739 439 773 ratur
471 728 496 787 §
529 729 600 784 56.
645 728 758 784 quod
793 736 934 769 tamen
966 729 1025 769 ita
1056 730 1294 786 intelligas,
1331 738 1377 772 vt
1419 728 1682 770 emendarint

321 803 494 859 quidem
511 802 722 854 tollendo,
745 816 831 843 non
853 810 993 842 autem
1009 801 1213 842 addendo.
1276 800 1343 842 Ita
1363 803 1446 844 fere
1470 801 1685 858 Hierony-

320 890 416 918 mus
439 875 601 917 Chron.
625 874 778 916 Euseb.
803 875 852 914 ad
876 874 1054 932 Olymp.
1090 888 1195 932 190,
1229 890 1272 931 4.
1308 875 1454 919 Varius
1475 886 1511 917 et
1531 874 1687 926 Tucca,

322 948 490 1005 Virgilii
523 960 560 991 et
591 948 762 990 Horatii
795 949 1102 1000 contubernales,
1130 959 1261 1004 poetae
1281 949 1471 990 habentur
1492 949 1683 1005 illustres,

323 1022 393 1079 qui
412 1021 624 1065 Aeneidum
640 1023 769 1079 pastea
794 1022 911 1064 libros
931 1023 1182 1064 emendarunt
1201 1022 1279 1080 sub
1299 1037 1342 1064 ea
1362 1022 1470 1076 lege,
1503 1034 1548 1064 vt
1583 1021 1690 1064 nihil

323 1096 524 1139 adderent.

381 1168 556 1226 Reliqui
580 1168 862 1212 Grammatici
886 1168 1009 1209 modo
1040 1170 1122 1209 hoc
1155 1168 1282 1210 modo
1302 1168 1407 1209 illud
1438 1168 1687 1225 sequuntur,

323 1242 387 1286 At
405 1252 562 1285 veteres
586 1243 830 1298 scriptores,
863 1240 976 1282 Plin.
1002 1239 1112 1293 VII,
1149 1254 1217 1298 30.
1251 1241 1280 1281 s.
1306 1255 1373 1298 31.
1404 1241 1465 1283 D.
1491 1241 1688 1299 Augzfius

321 1317 500 1363 carmina
523 1316 692 1373 Virgilii
712 1314 880 1359 cremari
909 1323 1041 1354 contra
1074 1313 1290 1369 testamenti
1310 1314 1392 1358 eius
1413 1315 1688 1369 verecundiam

324 1391 454 1432 vetuit
467 1409 480 1441 3
512 1390 712 1446 maiusque
732 1390 791 1432 ita
811 1388 900 1430 vati
921 1386 1175 1443 testimonium
1198 1388 1384 1442 contigit,
1406 1405 1520 1446 quam
1540 1389 1584 1445 st
1611 1388 1689 1447 ipse

314 1465 396 1523 sua
430 1464 635 1521 probaſjet.
675 1461 796 1504 Gell.
835 1457 994 1510 XVII,
1033 1472 1085 1501 10
1100 1460 1238 1518 -sed
1268 1476 1365 1516 quae
1399 1462 1690 1518 procrastinata

312 1537 413 1595 sunt
433 1538 481 1577 ab
502 1550 564 1588 eo,
601 1546 647 1577 vt
674 1536 756 1592 P‘st
776 1534 1084 1589 recenserentur,
1121 1542 1159 1574 et
1189 1533 1358 1590 absblui‚
1391 1535 1568 1590 quoniam
1589 1550 1690 1577 mors

319 1618 620 1665 praeuerterat,
653 1607 933 1663 nequiuerunt‚
957 1620 1194 1661 nequaquam
1210 1615 1412 1661 poetarum
1428 1607 1691 1665 elegantiffi‘mt‘

326 1681 474 1722 nomine
493 1691 608 1737 atque
629 1679 770 1722 iudicio
801 1679 922 1734 digna
943 1678 1070 1736 sunt:
1102 1679 1255 1734 itaque,
1290 1695 1431 1736 quum,
1463 1683 1589 1723 morbo
1618 1691 1688 1737 op-

320 1755 493 1811 preffics,
523 1754 736 1795 aduentare
755 1762 911 1794 mortem
932 1753 1113 1803 videret,
1142 1753 1288 1807 petiuit
1319 1754 1524 1809 orauitque
1556 1770 1582 1796 a
1600 1753 1692 1812 suis

326 1827 559 1885 amicffmis
591 1816 779 1884 impense,
814 1835 860 1867 vt
881 1825 1054 1868 Aeneida
1068 1856 1081 1876 ,
1106 1842 1219 1880 quam
1240 1827 1403 1868 nondum
1424 1827 1530 1884 satis
1551 1828 1688 1869 elima-

326 1901 436 1957 uiffit
450 1931 462 1952 ‚
479 1900 684 1941 abolerent.
716 1898 913 1941 Macrob.
931 1898 1019 1940 Sat.
1039 1897 1078 1950 I,
1098 1912 1167 1953 24.
1187 1900 1254 1954 qui
1269 1901 1367 1941 enim
1384 1901 1547 1942 moriens
1557 1911 1692 1956 poema

321 1973 434 2028 suum
470 1972 616 2027 legauit
644 1971 754 2026 igni,
789 1971 887 2027 quid
918 1970 992 2026 nifi
1007 1973 1147 2027 famae
1167 1972 1267 2029 suae
1287 1973 1452 2014 vulnera
1469 1974 1691 2030 posteritati

314 2032 586 2106 subtrahenda
607 2045 804 2087 curauit?
826 2059 890 2085 nec
912 2044 1116 2085 immerito.
1165 2042 1312 2084 Multa
1333 2046 1377 2086 in
1398 2061 1488 2086 eam
1511 2061 1595 2087 rem
1615 2061 1690 2088 va-

326 2120 484 2160 riorum
515 2118 831 2175 Epigrammata
862 2132 904 2158 v.
937 2117 980 2156 in
1010 2115 1239 2157 Cataleffls
1269 2116 1472 2176 Scaligeri
1505 2130 1547 2161 et
1578 2117 1691 2162 Bur-.-

325 2194 470 2234 manni
493 2193 774 2248 Anthologia.
838 2190 960 2231 Adde
982 2188 1146 2234 Donat.
1186 2189 1211 2246 §
1237 2205 1306 2246 57.
1332 2193 1402 2247 58.

386 2266 589 2308 Ceterum
609 2266 798 2322 Virgilio
819 2278 919 2305 mox
948 2263 1115 2304 comitem
1146 2264 1203 2306 ad
1234 2265 1375 2321 Eljfios
1409 2277 1557 2323 campos
1591 2283 1692 2311 mors

327 2340 426 2396 misit
443 2339 677 2381 Tibullum
694 2339 906 2380 iuuenem.
941 2353 981 2378 v.
999 2335 1184 2378 Domitii
1203 2335 1331 2378 Mai-fi
1350 2338 1622 2395 Epigramma
1638 2341 1688 2382 ad

326 2413 487 2454 calcem
528 2412 718 2456 Tibulli.
783 2411 969 2454 Ouidius
1006 2419 1098 2450 tum
1139 2425 1299 2452 annum
1338 2410 1476 2452 XXV
1517 2415 1689 2469 agebat,

328 2486 470 2542 itaque
494 2486 729 2542 Virgilium
751 2496 902 2527 tantum
919 2482 1123 2540 se'vidg'ffl’
1143 2482 1313 2524 testatur
1335 2483 1468 2526 Trist.
1500 2485 1586 2539 IV,
1620 2500 1690 2539 10,

328 2570 398 2612 51.
463 2558 665 2601 Horatius
688 2573 848 2601 annum
871 2555 1070 2612 ingreffus
1092 2566 1181 2597 erat
1205 2555 1400 2599 XLVII.
1724 2552 1726 2554 ’

386 2629 618 2672 Aeneidem
636 2646 734 2672 cum
751 2633 849 2673 viuo
867 2629 1054 2686 Virgilio
1075 2629 1219 2671 multis
1241 2631 1461 2673 hominum
1483 2630 1692 2674 desideriis
1720 2637 1730 2660 ⁸

327 2701 604 2761 cxspcetatam
616 2734 630 2756 ,
649 2713 801 2747 tumeo
815 2712 982 2748 mortuo
997 2718 1152 2762 magno
1169 2704 1311 2748 fauore
1327 2715 1368 2749 et
1384 2704 1698 2763 praedicatione*
1711 2720 1721 2738 κ

1479 2787 1696 2835 acceptam
