1733 3076
267 80 351 134 264
490 78 539 122 P.
563 76 788 123 V1RG1L11
809 78 1043 123 MAaoms
1067 79 1345 126 GEORGICA.
1443 83 1541 128 Lib.
1566 100 1606 131 2.

267 180 445 233 Proelia,
479 182 542 222 sed
564 183 716 222 dubius
737 183 882 225 mediis
902 183 1022 226 Mars
1042 190 1150 227 errat
1165 186 1209 227 in
1230 188 1369 229 armis.

268 254 430 294 Omnia
451 253 529 294 sint
551 255 720 307 paribus
741 257 924 299 numeris
946 258 1129 300 dimensa
1148 260 1308 300 viarum
1329 275 1338 300 :

267 325 371 366 Non
394 325 577 365 animum
598 325 721 366 modo
742 328 804 368 uti
827 329 965 382 pascat
984 331 1218 384 prospectus
1240 333 1407 372 inanem
1425 345 1435 371 ε
1528 334 1609 387 285

267 396 345 437 Sed
368 398 464 451 quia
485 412 571 437 non
593 397 712 438 aliter
730 398 836 440 vires
857 399 971 440 dabit
992 402 1188 443 omnibus
1209 417 1359 457 aequas

267 467 418 518 Terra,
451 483 585 522 neque
607 469 650 510 in
672 484 850 511 vacuum
872 480 1070 525 poterunt
1091 473 1127 512 se
1148 474 1368 515 extendere
1389 474 1507 517 rami.

266 537 451 578 Forsitan
475 547 515 577 et
537 539 749 581 scrobibus
772 555 877 595 quae
899 540 977 582 fint
999 542 1159 598 fastigia
1179 559 1364 599 quaeras.

266 609 411 650 Ausim
432 610 496 651 vel
521 613 635 652 tenui
657 613 785 653 vitem
806 614 1065 654 committere
1086 615 1215 658 sulco.

265 682 408 723 Altior
429 697 474 723 ac
498 692 624 724 terrae
645 686 810 737 penitus
831 684 1025 741 defigitur
1046 688 1184 739 arbos,
1481 734 1489 741 ff
1527 705 1610 747 290

266 756 469 797 Aesculus
493 757 535 796 in
557 758 727 811 primis:
761 772 866 812 quae
888 768 1094 813 quantum
1115 761 1267 801 vertice
1288 762 1338 801 ad
1362 776 1480 804 aura-s

265 830 501 880 Aetherias,
534 840 703 889 tantum*
717 830 853 875 radice
873 831 918 872 in
939 830 1119 872 Tartara
1140 833 1290 873 tendit.
1324 890 1333 897 ι

267 900 380 957 Ergo
402 916 485 942 non
507 904 662 944 hiemes
686 903 817 953 illam,
850 918 935 944 non
958 904 1102 955 flabra,
1134 920 1268 960 neque
1291 907 1443 950 imbres

265 974 545 1016 Convellunt.
607 976 767 1022 inmota
787 984 944 1026 manet,
977 976 1213 1032 multosque
1233 988 1421 1034 nepotes,

265 1044 412 1087 Multa
431 1047 567 1087 virum
587 1048 756 1089 volvens
776 1049 963 1090 durando
985 1050 1144 1095 saecula
1163 1052 1314 1092 vincit.
1529 1065 1611 1109 295

265 1118 387 1163 Tum
410 1120 528 1161 fortis
551 1120 632 1168 late
653 1135 787 1164 ramos
808 1131 850 1163 et
870 1122 1039 1166 brachia
1058 1123 1230 1164 tendens

265 1191 364 1233 Huc
386 1191 504 1241 illue,
537 1192 670 1233 media
691 1193 773 1247 ipsa
794 1194 1006 1249 ingentem
1029 1193 1197 1238 sustinet
1217 1196 1420 1239 umbram.

265 1262 387 1304 Neve
408 1265 483 1304 tibi
506 1264 555 1304 ad
578 1265 700 1305 solem
723 1276 896 1321 vergant
915 1267 1053 1312 vineta
1073 1267 1286 1313 cadentem
1304 1284 1313 1309 :

260 1335 386 1377 ‘Neve
407 1337 514 1377 inter
535 1337 641 1381 vites
663 1338 853 1379 corulum
878 1339 958 1380 sere
978 1354 987 1379 ε
1021 1355 1122 1382 neve
1143 1342 1305 1397 flagella

267 1408 438 1449 Summa
460 1419 568 1464 pete,
601 1419 672 1450 aut
695 1411 850 1451 summa
871 1411 1073 1468 destringe
1091 1428 1142 1455 ex
1163 1415 1304 1456 arbore
1325 1415 1486 1470 plantas
1504 1432 1514 1458 τ

268 1481 463 1536 (Tantus
484 1498 596 1524 amor
618 1484 766 1537 terrae)
798 1499 878 1528 neu
901 1485 1008 1526 ferro
1028 1486 1141 1527 laede
1164 1482 1302 1529 retuso
1531 1505 1607 1548 301

268 1552 453 1604 Semina,
486 1570 586 1596 neve
607 1556 721 1596 oleae
741 1556 928 1601 filvestris
952 1559 1082 1600 insere
1102 1570 1288 1602 truncos.

266 1626 382 1666 Nem
405 1627 517 1681 saepe
539 1628 716 1670 incautis
739 1630 966 1684 pastoribus
985 1633 1144 1674 excidit
1165 1634 1293 1689 igni8‚

267 1696 358 1751 Qi
381 1698 524 1738 furtim
546 1698 694 1754 pingui
718 1701 899 1752 primum
921 1705 993 1745 sub
1009 1706 1164 1746 cortice
1185 1706 1317 1749 teitus

266 1768 437 1809 Robora
457 1771 721 1824 conprendit,
754 1773 999 1829 frondesque
1019 1775 1179 1816 elabsus
1201 1778 1244 1817 in
1266 1778 1370 1820 altas
1530 1795 1609 1838 305

266 1841 488 1897 Ingentem
511 1843 626 1884 caelo
649 1845 828 1885 sonitum
849 1846 974 1886 dedit.
1037 1848 1131 1888 inde
1154 1850 1316 1891 secutus

266 1912 345 1954 Per
368 1929 499 1955 ramos
517 1916 664 1966 vietor,
698 1932 851 1972 perque
874 1919 958 1958 alta
980 1921 1200 1961 cacumina
1220 1934 1384 1979 regnat,

267 1985 325 2028 Et
347 1997 482 2028 totum
505 1989 685 2030 involvit
706 1990 882 2031 flammis
904 2007 1065 2044 nemus,
1097 2003 1136 2034 et
1159 1995 1241 2035 ruit
1261 2005 1392 2037 atram

269 2059 336 2099 Ad
358 2061 519 2101 caelum
543 2063 656 2115 picea
677 2063 828 2105 crassus
850 2066 1029 2121 caligine
1050 2067 1200 2107 nubem
1224 2081 1232 2107 :

268 2130 510 2174 Praesertim
533 2134 558 2174 fi
578 2136 792 2190 tempestas
814 2151 836 2175 a
856 2138 1010 2177 vertice
1032 2136 1140 2178 silvis
1534 2156 1614 2196 310

269 2202 490 2257 Incubuit,
524 2206 810 2263 glomeratque
833 2209 967 2251 ferens
992 2210 1183 2257 incendia
1204 2221 1367 2254 ventus.

326 2337 704 2388 350.1¹11'ar.cstern{y.]
735 2338 831 2376 This
846 2339 877 2377 is
894 2339 957 2377 the
969 2339 1059 2391 only
1072 2341 1190 2378 fimile
1202 2341 1240 2380 in
1257 2342 1306 2380 all
1324 2342 1397 2380 this
1414 2343 1582 2394 Georgic
1603 2360 1614 2390 3

272 2388 334 2425 the
355 2388 482 2425 reason
504 2390 551 2426 of
571 2390 693 2427 which
715 2391 828 2428 seems
851 2401 890 2429 to
916 2393 976 2437 be,
1007 2393 1089 2430 that
1106 2395 1319 2445 metaphors
1343 2395 1417 2432 and
1435 2395 1531 2433 short
1549 2396 1614 2436 de—

272 2440 482 2490 scription-5,
503 2441 625 2478 which
648 2456 709 2480 are
730 2443 766 2481 so
785 2444 1016 2494 frequentin
1037 2459 1148 2498 every
1165 2459 1249 2497 part
1268 2446 1312 2483 of
1335 2448 1406 2485 this
1428 2447 1613 2500 Georgic,

271 2505 333 2530 arc
353 2492 400 2529 of
421 2493 482 2530 the
501 2493 597 2530 same
614 2505 747 2532 nature
767 2496 841 2533 and
863 2496 923 2534 use
943 2497 983 2534 in
997 2508 1146 2548 poetry‚
1166 2513 1203 2536 as
1219 2499 1368 2536 fimiles.
1400 2501 1588 2539 Bssnsom.

327 2558 414 2593 370.
438 2545 486 2581 *To
506 2548 562 2583 trs-e
580 2550 667 2598 west
686 2547 848 2599 declina]
879 2549 964 2586 'Tis
992 2551 1112 2588 worth
1131 2551 1328 2602 observing
1347 2552 1427 2589 that
1445 2553 1507 2590 the
1526 2564 1614 2604 poet

271 2597 336 2633 ha>-
361 2597 522 2646 brought
543 2600 715 2650 together
743 2601 846 2645 here,
875 2615 978 2639 more
1004 2612 1175 2654 precepts
1195 2605 1284 2641 than
1307 2603 1344 2640 in
1366 2618 1438 2654 any
1464 2617 1547 2655 part
1574 2605 1621 2643 of

273 2649 322 2685 all
345 2649 406 2684 the
429 2648 642 2700 Georgics;
674 2652 742 2690 but
770 2653 800 2690 it
833 2653 864 2690 is
897 2653 1061 2695 likewise
1081 2655 1334 2699 remarkable,
1366 2657 1448 2694 that
1477 2658 1522 2694 he
1548 2658 1614 2695 has

272 2700 406 2751 placed
439 2701 539 2737 them
561 2716 648 2752 very
669 2705 826 2754 artfully
849 2706 1003 2743 betwixt
1029 2707 1112 2745 that
1141 2707 1215 2746 fine
1239 2708 1388 2760 paffage
1403 2709 1476 2757 just
1505 2722 1611 2757 men-

273 2752 416 2798 tioned,
447 2752 520 2790 and
541 2755 697 2794 another
711 2757 861 2808 equally
882 2757 1082 2804 beautiful.
1392 2763 1582 2800 Bensox.
