1733 3076
311 80 369 121 32
595 59 643 102 P.
696 53 1095 100 VIRGILII
1160 53 1376 99 VITA

312 167 454 209 laudat
478 165 642 206 Fabric.
673 161 877 203 Biblioth.
902 158 975 198 lat.
995 157 1097 199 Vol.
1128 158 1189 200 ΙΙ.
1219 175 1260 215 p.
1291 162 1388 204 226.
1422 158 1655 202 Burmann»

314 239 373 281 V.
410 238 464 279 C.
503 235 737 287 Antholog.
768 230 830 271 T.
856 229 891 271 I.
917 247 956 285 p.
983 246 1077 287 399.
1140 230 1325 282 Pierius,
1358 233 1512 284 Cerda,
1544 232 1659 274 Bur-
1732 238 1733 258 ³

315 327 428 354 man.
453 311 502 350 ad
534 305 690 361 virgil.
715 302 800 346 Ge.
824 302 906 344 IV.
932 313 1037 344 extr.
1063 303 1232 345 Ruaeus
1265 301 1369 345 Vita
1394 305 1571 362 Virgilii
1594 318 1660 359 pr.
1695 299 1722 336 -⁴

311 383 495 428 Nomini
520 381 562 419 in
583 379 790 419 veteribus
806 376 1024 417 nonnullis
1042 376 1160 417 libris
1177 377 1415 419 Parthenius
1431 378 1609 418 additur.
1683 368 1687 370 i

372 454 570 496 Parentes
606 451 813 507 Virgilius
848 449 1038 490 honestos
1075 449 1271 505 quidem,
1318 450 1459 505 quales
1500 450 1667 490 nobiles⁴
1711 460 1714 463 '

316 527 475 570 nostros
509 524 744 574 villaticos‚
776 523 843 563 sed
875 533 1012 563 tamen
1033 523 1227 563 obscuros
1248 530 1290 562 et
1312 522 1355 562 in
1376 537 1473 577 agro
1495 522 1569 562 suo
1590 536 1662 562 co-
1696 507 1718 545 ’-

317 600 444 642 lendo
465 600 593 640 vitam
615 604 784 651 agentes
805 595 967 636 habuit.
1026 594 1151 635 Vnde
1168 594 1339 635 ducstum
1354 594 1454 634 illud
1478 609 1542 648 ap.
1562 593 1666 634 Ma—

320 674 436 716 crob.
457 670 517 720 V,
536 684 579 711 2.
611 666 716 710 Vnde
735 666 833 707 enim
855 665 989 709 Veneto
1009 668 1161 724 rusticis
1175 668 1402 722 parentibus
1422 677 1533 717 nato,
1565 667 1668 708 inter
1708 720 1712 725 .

307 747 433 805 siluas
465 753 501 785 et
508 742 680 800 frutices
701 740 854 789 edum,
887 738 953 779 vel
969 738 1063 779 leuis
1086 740 1325 781 Graecarum
1341 740 1486 782 notitia
1505 740 1664 782 littera-

320 835 436 868 rum3
469 830 565 857 cum
587 814 719 855 ironia
739 812 894 852 dietum
910 841 923 861 ‚
954 819 1002 850 vt
1022 809 1247 865 significet,
1280 812 1409 852 immo
1427 827 1525 854 vero
1544 812 1670 868 longe

322 891 548 933 maximam
570 886 783 928 scientiam
803 885 840 924 ei
863 882 993 924 fuifl'e.
1059 882 1186 937 Qod
1217 892 1356 923 autem
1385 881 1562 938 figulum
1596 899 1671 938 pa-

322 973 429 1005 trem
450 959 526 1001 esse
558 966 754 1007 narrant,
786 955 827 996 id
860 968 1003 996 vereor
1037 968 1088 995 ne
1129 954 1257 1007 inepti
1290 956 1484 996 monachi
1525 971 1548 996 a
1582 955 1674 998 filio

325 1035 510 1078 carmina
539 1031 721 1088 fingente
743 1029 967 1069 duxerint:
1001 1027 1060 1067 vti
1097 1026 1223 1067 altera
1258 1029 1439 1069 narratio
1473 1027 1522 1070 de
1557 1040 1675 1084 patre
1711 1017 1733 1076 ᾖ

326 1104 582 1147 mercenario
613 1117 698 1142 non
731 1100 898 1141 aliunde
933 1109 1052 1150 nata,
1085 1114 1209 1154 quarn
1250 1100 1361 1154 quod
1392 1100 1598 1157 Tityrum
1627 1103 1674 1143 in
1709 1090 1719 1121 '⁴

329 1181 462 1234 prima
482 1177 644 1233 Ecloga
665 1174 837 1232 Virgilii
860 1182 1017 1229 patrem
1038 1172 1233 1214 nonnulli
1250 1173 1519 1216 tradiderant..

866 1304 925 1346 V.
953 1302 1007 1346 C.
1042 1305 1094 1347 68
1129 1334 1139 1344 .

471 1384 524 1426 L.
558 1381 742 1423 Aurelius
772 1379 900 1420 Cotta.
963 1379 1013 1420 L.
1048 1320 1235 1418 Miiznlius
1264 1377 1504 1434 Torquatus,

781 1467 821 1492 a.
855 1451 902 1492 C.
936 1451 1006 1505 65.
1058 1450 1224 1504 Virgilii
1252 1453 1291 1500 ξ.

387 1557 451 1611 Q
473 1556 672 1599 Horatius
692 1553 873 1597 Flaccus
888 1554 1071 1596 nascitur
1087 1552 1170 1595 VI.
1186 1552 1251 1595 Id.
1270 1553 1475 1597 Decemb.
1503 1556 1676 1599 Sueton-

332 1633 377 1676 ΞΠ
397 1633 449 1678 ei.
468 1630 588 1672 Vita.
936 1651 950 1678 a

864 1743 922 1784 V.
957 1743 1011 1785 C.
1046 1743 1142 1800 696.

591 1818 643 1859 L.
683 1816 923 1872 Calpurnius
953 1816 1056 1872 Piso.
1120 1813 1171 1855 A.
1206 1815 1416 1858 Gabinius.

753 1906 793 1931 α.
826 1889 873 1930 C.
897 1888 967 1943 58.
1030 1886 1195 1942 Virgilii
1214 1890 1277 1938 ἒξ.

395 1995 680 2050 Hieronymus
723 1993 766 2033 in
817 1991 981 2033 Chron.
1022 1991 1173 2032 Euseb.
1213 2007 1252 2045 p.
1296 2004 1370 2045 151
1419 1991 1468 2031 ad
1506 1990 1683 2047 Olymp.

343 2070 441 2118 180,
467 2083 506 2124 3.
544 2066 726 2120 adeoque
759 2066 801 2104 h.
827 2079 862 2104 a.
897 2064 1090 2117 Virgilius
1112 2063 1316 2103 Cremonae
1322 2062 1471 2115 studiis
1491 2063 1685 2103 eruditur.

340 2141 481 2183 Aliter
502 2138 702 2181 Donatus
725 2136 750 2192 §
773 2137 814 2178 6.
876 2133 1116 2174 Profectum
1130 2142 1267 2174 tamen
1282 2133 1379 2173 hinc
1401 2132 1477 2173 effe
1498 2134 1688 2184 videtur,

341 2212 454 2267 quod
494 2211 742 2251 recentiores
774 2206 970 2250 nonnulli
1008 2206 1225 2260 scriptores
1254 2205 1302 2245 de
1341 2205 1442 2245 ludo
1483 2206 1690 2246 litterario
1729 2187 1733 2198 Ι

340 2283 530 2339 publico,
562 2282 636 2337 qui
666 2280 952 2322 Romanorum
988 2289 1174 2332 tempore
1201 2276 1435 2319 Cremonae
1474 2277 1691 2327 floruerit,

341 2363 602 2404 memorant,
633 2368 673 2394 v.
698 2367 736 2393 c.
767 2350 932 2392 Ludou.
957 2349 1211 2391 Cauitcllius
1232 2348 1506 2390 Cremonens.
1529 2347 1690 2389 Annal.
1723 2335 1729 2345 ⁹

343 2442 384 2481 p.
416 2426 538 2468 1262.
574 2425 628 2465 A.
654 2423 717 2464 T.
743 2422 827 2464 III.
847 2423 980 2465 Thes.
1006 2424 1112 2464 Ant.
1137 2421 1233 2462 Ital.

401 2497 470 2540 De
507 2497 709 2552 magistris
737 2495 912 2552 Virgilii
935 2496 1005 2537 vix
1036 2496 1266 2550 quicquam
1287 2494 1389 2534 certi
1412 2493 1517 2534 tradi
1546 2489 1691 2548 potest.

347 2571 469 2626 Qae
498 2568 580 2610 flue
606 2568 995 2611 Grammaticorum
1015 2566 1136 2617 fidei,
1168 2565 1250 2608 siue
1272 2566 1487 2607 donorum
1509 2565 1695 2606 virorum

346 2641 596 2685 coniecturis
618 2641 842 2692 debentur,
874 2641 922 2682 ad
944 2639 1162 2682 Donatum
1190 2639 1336 2681 reiecta
1358 2638 1454 2681 sunt
1474 2637 1523 2680 ad
1552 2636 1577 2694 §
1600 2651 1623 2693 7
1654 2643 1696 2675 et

349 2730 418 2774 79·
1495 2766 1703 2810 Ceterum·
