1733 3076
266 117 403 164 PER
454 114 1136 173 ANNOSDIGESTA.
1330 130 1384 178 57

39 223 286 274 aduentarit,
303 222 374 264 vbi
389 222 518 264 diebus
529 222 664 278 paucis
681 223 796 273 obiit,
810 223 861 264 X
884 223 976 266 Kal.
990 223 1149 267 Ostobr.
1169 223 1216 266 C.
1234 223 1387 278 Sentio,

43 297 308 355 QLucrea-‘io
329 296 426 352 Cqffi
706 306 709 307 ⁷

96 370 273 410 Annum
307 369 447 410 obitus
481 364 700 408 confirmat
727 366 1012 423 Hieronymus
1035 370 1197 413 Chron.
1231 372 1385 416 Euseb.

39 441 87 482 ad
102 439 282 497 Olymp.
308 454 404 497 190,
428 453 467 482 2.
512 438 704 493 Virgilius
725 438 929 496 Brundisti
948 441 1138 494 moritur,
1163 445 1289 489 Sentio
1311 448 1386 489 Sa-

38 514 195 557 turnino
212 524 249 554 et
264 514 442 554 Lucretio
460 513 590 554 Cinna
608 512 622 566 (
637 512 716 551 hoc
733 511 899 553 nullum
913 512 1207 557 Lucretiorum
1227 533 1388 575 cogno-

37 583 266 640 men)C0ſjI
289 583 399 625 Plin.
420 583 551 634 XIV,
579 598 615 625 1.
649 583 895 641 Haec(vitis
917 601 988 640 per
1009 587 1046 628 se
1068 589 1112 629 in
1133 589 1232 633 vino
1252 592 1390 645 picem

38 655 262 711 resipiens)
303 656 466 711 Virgilii
486 655 594 697 vatis
613 666 738 697 aetate
758 657 977 712 incognita,
1009 676 1034 701 a
1055 662 1162 703 cuius
1182 664 1288 705 obitu
1310 667 1392 707 XC

37 738 209 781 aguntur
243 728 365 769 anni:
407 742 581 768 numero
614 730 822 780 rotund03
864 746 961 772 cum
999 732 1131 775 XCV
1167 734 1311 777 effent.
1344 754 1386 780 v.

38 800 234 858 Baylium
270 800 494 842 Diastionn.
529 800 696 857 Virgile
732 803 817 844 litt.
856 803 913 843 H.
950 804 1156 846 Harduin.
1192 808 1240 847 ad
1273 808 1386 852 Plin.

37 874 138 914 ibid.
161 884 202 914 et
223 873 352 916 XIV.
378 874 470 914 secst.
495 887 535 928 5,

95 946 207 990 Cum
238 946 282 986 in
315 944 539 987 Graeciam
571 947 900 1000 proficisceretur
922 949 1153 1006 Virgilius,
1189 953 1398 1009 scriptuns

38 1018 154 1060 fuiii'e
174 1018 356 1060 creditur
377 1019 426 1059 ab
449 1018 626 1060 Horatio
646 1018 831 1061 Carmen
853 1020 920 1062 III
942 1022 1038 1066 libri
1063 1023 1097 1066 I.
1134 1026 1197 1068 Sic
1217 1037 1252 1068 te
1273 1028 1391 1072 Diua

33 1102 162 1150 potens
184 1092 319 1146 Cypri.

97 1164 213 1205 Dum
230 1165 272 1210 in
287 1161 469 1208 Graecia
486 1166 590 1216 fuit,
609 1168 732 1208 tertio
750 1166 1062 1225 Georgicorum
1078 1172 1187 1214 libro
1206 1174 1387 1230 splendi-

38 1237 136 1277 dum
158 1236 261 1277 illud
283 1236 522 1280 exordium:
547 1238 711 1280 Primus
733 1241 912 1284 Idumeas
932 1247 1103 1300 referam
1126 1247 1222 1297 tibi,
1256 1247 1389 1291 lisan-

38 1318 129 1359 tua,
148 1309 323 1363 palmas,
347 1308 532 1349 additum
556 1311 672 1352 fuiss'e
695 1327 792 1354 cum
810 1313 992 1356 Catroeo
1006 1316 1240 1361 wartonus
1264 1332 1387 1376 puta-

39 1381 109 1422 bat
143 1381 262 1439 (Life
296 1383 345 1436 of
378 1380 545 1436 Vir-gil)
591 1399 644 1426 ex
679 1386 1022 1441 interpretatione
1054 1390 1212 1434 scilicet
1244 1400 1395 1451 parum'

38 1454 196 1495 subtili.

95 1526 256 1577 Fuisse,
279 1529 352 1583 qui
374 1544 468 1570 eum
493 1532 536 1571 in
558 1533 705 1574 itinere
728 1533 909 1576 Tarenti
931 1537 1018 1578 vita
1038 1538 1235 1581 excessisse
1253 1541 1387 1582 trade-

39 1608 154 1648 rent,
185 1600 231 1638 ad
256 1598 474 1643 Donatum
498 1602 522 1658 §
546 1617 594 1658 51
618 1605 801 1657 dietum,
826 1623 929 1662 quae
951 1611 1048 1650 vrbs
1069 1626 1165 1652 cum
1187 1614 1235 1653 ad
1259 1611 1388 1654 Cala-

39 1672 169 1715 brIam
204 1673 428 1723 referatur,
480 1676 581 1716 hinc
620 1679 918 1735 intelligendus
959 1683 1096 1724 versus
1139 1684 1353 1741 Epitaphii
1376 1703 1386 1727 z

40 1744 215 1786 Mantua
237 1762 293 1786 me
309 1749 470 1800 genuit,
494 1750 660 1791 Calabri
683 1761 870 1806 rapuere,
907 1754 949 1794 h.
984 1755 1027 1795 in
1057 1754 1255 1798 Calabria
1282 1760 1391 1800 vitae

40 1828 225 1870 ereptum
250 1818 285 1858 se
303 1818 521 1875 fignificat.
546 1823 601 1862 cf.
627 1821 788 1866 Phocas
810 1842 850 1867 v.
873 1839 967 1882 105.
992 1838 1038 1869 vt
1051 1829 1237 1873 Calabros
1259 1834 1388 1888 tetigit

41 1912 93 1928 -.-
106 1891 299 1932 vehemens
318 1893 479 1934 laxauit
499 1907 659 1950 corpora
681 1900 847 1939 morbus.

48 1976 51 1978 ·
97 1962 198 2005 Offa
220 1963 393 2020 Virgilii
410 1965 626 2021 Neapolim
654 1970 854 2013 translata
877 1982 917 2012 et
939 1973 996 2014 ibi
1019 1974 1062 2016 in
1079 1977 1145 2017 via
1163 1976 1391 2022 Puteolana

40 2036 211 2091 sepulta.
245 2054 285 2079 v.
305 2037 465 2081 Donat.
487 2040 512 2085 Q
531 2055 598 2095 55.
620 2043 673 2096 56
687 2053 728 2083 et
744 2044 801 2084 ibi
821 2054 908 2085 not.
941 2047 1067 2100 Apud
1082 2048 1388 2107 Hieronymum

40 2107 69 2150 l.
93 2109 122 2150 l.
146 2109 238 2165 Oſjc‘z
259 2112 339 2152 eius
362 2113 556 2168 Neapolin
579 2117 775 2158 translata
796 2118 837 2159 in
846 2119 1011 2175 ficundo
1033 2123 1081 2161 ab
1103 2124 1198 2163 vrbe
1217 2125 1390 2165 miliario

29 2181 298 2237 fipeliuntur,
322 2185 434 2226 titula
457 2187 667 2244 istiusmodi
677 2190 806 2247 supra
815 2192 989 2247 scripto,
1013 2209 1119 2247 quem
1136 2197 1299 2237 moriens
1314 2198 1391 2254 ipse

39 2255 286 2299 difflauerat:
316 2256 620 2300 MANTVA
651 2259 752 2302 ΜΕ
787 2260 1110 2315 GENVIT;
1146 2268 1258 2321 quod
1280 2270 1390 2324 apud

41 2322 258 2368 Donatum
281 2327 306 2383 §
329 2341 381 2383 55
404 2329 540 2384 legas,
572 2342 614 2372 et
636 2334 679 2373 in
702 2333 985 2376 Eusebianum
1009 2335 1258 2382 Chronicon
1279 2342 1389 2382 haud

41 2396 163 2439 dubie
192 2401 242 2442 ab
278 2401 574 2457 interpolatore
595 2407 737 2457 venit3
776 2409 1000 2463 repetitum
1022 2410 1116 2452 inde
1137 2426 1160 2452 a
1178 2410 1390 2457 vincent.

42 2465 255 2513 Bellonae.
281 2470 450 2528 Specul.
474 2476 567 2518 hist.
593 2477 703 2530 VII,
727 2476 796 2523 6‘0.

98 2539 167 2582 De
190 2543 429 2592 testamento
451 2547 625 2606 Virgilii
646 2568 685 2594 v.
711 2552 932 2596 Donatum
955 2555 980 2612 ξι
1003 2558 1073 2612 56.

98 2613 208 2657 Eum
237 2619 378 2671 paullo
411 2631 505 2663 ante
537 2633 711 2665 mortem
745 2625 895 2667 scrinia
929 2628 1113 2683 adeoque
1143 2633 1285 2674 omnia
1320 2635 1392 2677 sua

41 2685 213 2745 scripta,
235 2690 302 2757 (vt
319 2693 443 2741 etiam
460 2693 778 2750 Grammaticus
799 2700 843 2742 in
859 2700 1097 2760 Antholog.
1116 2704 1189 2748 lat.
1207 2705 1270 2757 ΙΙ,
1290 2709 1387 2760 184,

1237 2792 1394 2837 10-14
