1733 3076
277 71 365 116 320
498 54 548 99 Ρ.
567 54 793 98 Vmoun
813 52 1048 97 Mmmms
1071 53 1350 101 Gaoaoch.
1473 56 1570 102 Lib.
1591 71 1635 119 3.

222 119 436 217 Anne,
457 159 689 202 veneranda
710 155 848 207 Pales,
876 171 1031 213 magno
1048 172 1162 201 nunc
1182 174 1252 200 ore
1273 161 1516 205 sonandum.

282 231 499 287 Incipiens
518 225 689 270 stabulis
709 229 859 270 edico
849 245 893 271 in
916 230 1115 273 mollibus
1136 233 1306 275 herbam
1549 248 1634 293 295

284 306 466 359 Carpere
487 302 595 353 ovis,
627 301 727 342 dum
747 317 846 344 mox
866 303 1059 346 frondosa
1078 304 1290 346 reducitur
1310 299 1432 346 aestas
1448 319 1463 346 2

287 375 348 420 Et
368 375 503 417 multa
521 374 665 415 duram
686 373 837 429 stipula
855 373 1101 432 filicumque
1120 378 1317 432 maniplis

291 448 482 490 Sternere
503 446 640 488 subter
658 447 854 500 humum,
885 449 1038 505 glacies
1059 465 1111 491 ne
1132 449 1284 505 frigida
1304 450 1438 492 laedat

290 519 429 563 Molle
451 534 593 575 pecus,
624 519 884 576 scabiemque
905 520 1025 575 serat,
1057 523 1273 579 turpisque
1293 524 1508 580 podagras.
1722 469 1733 645 ¹3

288 590 387 636 Post
406 595 507 636 hine
527 592 724 649 digressus
739 594 870 650 jubeo
890 595 1127 638 frondentia
1146 597 1280 651 capris
1557 608 1639 655 300

290 669 457 710 Arbuta
477 668 676 718 sufficere,
707 676 751 707 et
770 666 919 709 fluvios
940 670 1130 724 praebere
1150 670 1326 712 recentis
1343 687 1358 721 ς
1620 666 1622 669 ’
1724 641 1733 871 u

289 739 351 784 Et
370 740 527 782 stabula
546 754 570 781 a
589 740 724 782 ventis
744 739 920 781 hiberno
940 756 1148 796 opponere
1167 741 1243 783 soli

289 814 361 856 Ad
383 813 565 854 medium
585 812 785 855 conversa
805 812 945 855 diem:
980 830 1077 856 cum
1098 815 1274 872 frigidus
1296 815 1399 857 olim

290 883 390 942 Jam
411 886 539 937 cadit,
571 895 842 941 extremoque
863 886 1019 927 inrorat
1039 885 1253 942 Aquarius
1275 877 1447 964 annos

289 956 406 1001 Haec
428 973 598 1015 quoque
618 973 704 1000 non
725 973 824 999 cura
838 959 960 1000 nobis
982 959 1134 1001 leviore
1155 961 1359 1002 tuendae·
1348 979 1362 1011 ;
1556 975 1610 1020 30
1613 974 1639 1018 5

292 1033 389 1075 Nec
410 1034 550 1074 minor
570 1033 664 1074 usus
684 1033 791 1073 erit:
826 1030 1018 1085 quamvis
1038 1029 1205 1073 Milesia
1224 1046 1379 1088 magno

290 1105 464 1147 Vellera
483 1115 700 1146 mutentur
720 1103 880 1161 Tyrios
902 1104 1068 1145 incesta
1086 1106 1273 1146 rubores.

292 1177 473 1222 Denfior
494 1178 596 1219 hinc
620 1176 781 1219 suboles
802 1191 811 1217 :
845 1177 945 1217 hinc
966 1176 1071 1233 largi
1093 1179 1213 1233 copia
1233 1178 1368 1220 laetis.

294 1252 439 1307 Quam
460 1251 593 1307 magis
613 1248 811 1291 exhausto
832 1250 1080 1303 spumaverit
1100 1251 1224 1292 ubere
1243 1251 1447 1302 muld'cra3

290 1323 426 1368 Laeta
444 1324 576 1380 magis
598 1324 731 1378 preffis
749 1323 979 1363 manabunt
1001 1323 1176 1364 flumina
1195 1324 1402 1365 mammis.
1562 1337 1645 1382 310

293 1396 393 1440 Nec
413 1397 553 1438 minus
575 1396 731 1436 interea
749 1395 895 1436 barbas
916 1396 1152 1452 incanaque
1172 1407 1314 1438 menta

297 1469 506 1527 Cinyphii
528 1469 705 1511 tondent
726 1467 850 1519 hirci,
882 1467 1091 1523 saetasque
1112 1470 1334 1521 comantis,

295 1542 435 1585 Usum
455 1543 499 1584 in
519 1542 762 1593 castrorum,
793 1549 834 1581 et
853 1539 1012 1580 miseris
1032 1540 1240 1581 velamina
1261 1544 1415 1585 nautis.

295 1615 530 1658 Pascuntur
548 1629 648 1657 vero
668 1613 802 1664 silvas,
833 1622 876 1655 et
896 1613 1055 1655 summa
1075 1611 1248 1671 Lycaei,

295 1688 601 1744 Horrentisque
620 1688 764 1739 rubos,
795 1696 838 1728 et
858 1687 1036 1728 amantis
1059 1687 1186 1728 ardua
1206 1688 1370 1734 dumos.
1562 1703 1646 1748 315

297 1762 444 1816 Atque
464 1761 571 1815 ipsae
592 1774 791 1802 memores
813 1759 987 1801 redeunt
1008 1760 1052 1801 in
1071 1761 1194 1813 te&a‚
1228 1762 1401 1818 suosque

298 1831 497 1883 Ducunt,
528 1842 569 1872 et
589 1831 760 1888 gravido
780 1831 971 1886 superant
989 1833 1060 1873 vix
1082 1833 1206 1876 ubere
1227 1833 1372 1875 limen.

268 1961 272 1964 q
299 1905 417 1962 Ergo
436 1893 552 1945 omni
573 1904 707 1946 studio
727 1903 904 1961 glaciem
924 1906 1150 1961 ventosque
1171 1907 1340 1961 nivalis,

300 1981 405 2036 Qo
426 1979 566 2020 minus
587 1978 644 2020 est
663 1978 751 2020 illis
772 1992 892 2020 curae
911 1977 1099 2019 mortalis
1120 1979 1289 2035 egestas,
1732 2026 1733 2042 χ

300 2053 503 2095 Avertes:
536 2050 780 2108 vid'tumque
801 2052 923 2103 feres,
953 2061 996 2091 et
1016 2052 1156 2108 virgea
1171 2052 1302 2095 laetus
1570 2070 1651 2115 320
1691 2063 1733 2118 ‘j

300 2124 459 2168 Pabula
475 2143 490 2176 3
522 2130 600 2166 ne'c
622 2134 709 2167 tota
730 2124 899 2167 claudes
920 2125 1092 2166 foenilia
1113 2125 1274 2168 bruma.

359 2345 449 2385 372-
472 2332 600 2371 Where
617 2345 728 2370 never
738 2340 831 2383 poet.
838 2329 854 2382 ]
884 2330 983 2370 This
997 2329 1028 2369 is
1048 2343 1096 2370 an
1114 2329 1307 2371 imitation
1327 2331 1374 2371 of
1385 2332 1584 2372 Lucretius
1599 2347 1621 2372 τ’

404 2440 481 2480 Nec
497 2455 549 2479 me
565 2455 701 2479 ammas
704 2439 835 2494 fallet
863 2455 1009 2493 quam
971 2441 1014 2492 s
1011 2451 1050 2479 nt
1068 2439 1226 2491 obscura,
1243 2441 1315 2489 sed
1325 2445 1406 2480 acri

407 2491 564 2543 Perttff
562 2505 577 2532 t
594 2495 710 2545 thyrso
727 2494 843 2532 laudis
850 2495 930 2545 spes
944 2508 1076 2546 magna
1090 2509 1196 2532 meum
1207 2509 1264 2531 cor

720 2549 843 2599 juvat
860 2551 1011 2599 integros
1029 2548 1187 2585 accedere
1189 2549 1314 2597 fontes

409 2599 524 2649 Atque
541 2599 702 2644 haurire,
718 2602 905 2651 juvatque
917 2614 1026 2637 novos
1044 2601 1219 2648 decerpere
1225 2601 1350 2649 flores,

409 2650 447 2688 U
444 2653 508 2690 nde
517 2656 622 2702 prius
639 2651 729 2692 nulli
746 2652 909 2692 velarint
926 2662 1078 2704 tempora
1094 2652 1220 2702 mustze.
