<?xml version="1.0" encoding="UTF-8"?>
<!DOCTYPE html PUBLIC "-//W3C//DTD XHTML 1.0 Transitional//EN"
    "http://www.w3.org/TR/xhtml1/DTD/xhtml1-transitional.dtd">
<html xmlns="http://www.w3.org/1999/xhtml" xml:lang="en" lang="en">
 <head>
  <title>
</title>
<meta http-equiv="Content-Type" content="text/html;charset=utf-8" />
  <meta name='ocr-system' content='tesseract 3.04.00' />
  <meta name='ocr-capabilities' content='ocr_page ocr_carea ocr_par ocr_line ocrx_word'/>
</head>
<body>
  <div class='ocr_page' id='page_1' title='image "./worksofvirgilinl01virg_0073.png"; bbox 0 0 1733 3076; ppageno 0'>
   <div class='ocr_carea' id='block_1_1' title="bbox 278 121 1363 184">
    <p class='ocr_par' dir='ltr' id='par_1_1' title="bbox 278 121 1363 184">
     <span class='ocr_line' id='line_1_1' title="bbox 278 121 1363 184; baseline -0.007 -14"><span class='ocrx_word' id='word_1_1' title='bbox 278 125 415 170; x_wconf 79' lang='lat' dir='ltr'><strong>PER</strong></span> <span class='ocrx_word' id='word_1_2' title='bbox 465 122 724 168; x_wconf 78' lang='lat' dir='ltr'><strong>ANNos</strong></span> <span class='ocrx_word' id='word_1_3' title='bbox 777 121 1133 166; x_wconf 84' lang='lat' dir='ltr'><strong>DIGESTA.</strong></span> <span class='ocrx_word' id='word_1_4' title='bbox 1304 138 1363 184; x_wconf 82' lang='lat'><strong>43</strong></span> 
     </span>
    </p>
   </div>
   <div class='ocr_carea' id='block_1_2' title="bbox 17 227 1393 2826">
    <p class='ocr_par' dir='ltr' id='par_1_2' title="bbox 27 227 1393 2370">
     <span class='ocr_line' id='line_1_2' title="bbox 28 227 1367 287; baseline -0.003 -13"><span class='ocrx_word' id='word_1_5' title='bbox 28 243 72 275; x_wconf 85' lang='lat' dir='ltr'><strong>et</strong></span> <span class='ocrx_word' id='word_1_6' title='bbox 91 231 266 287; x_wconf 81' lang='lat' dir='ltr'><strong>Augusti</strong></span> <span class='ocrx_word' id='word_1_7' title='bbox 284 247 352 272; x_wconf 90' lang='lat' dir='ltr'><strong>ore</strong></span> <span class='ocrx_word' id='word_1_8' title='bbox 372 228 611 281; x_wconf 82' lang='lat' dir='ltr'><strong>exhibetur)</strong></span> <span class='ocrx_word' id='word_1_9' title='bbox 636 227 805 270; x_wconf 87' lang='lat' dir='ltr'><strong>consilio</strong></span> <span class='ocrx_word' id='word_1_10' title='bbox 819 238 860 269; x_wconf 91' lang='lat' dir='ltr'><strong>et</strong></span> <span class='ocrx_word' id='word_1_11' title='bbox 877 228 1092 282; x_wconf 84' lang='lat' dir='ltr'><strong>prudentia</strong></span> <span class='ocrx_word' id='word_1_12' title='bbox 1108 242 1204 268; x_wconf 88' lang='lat' dir='ltr'><strong>cum</strong></span> <span class='ocrx_word' id='word_1_13' title='bbox 1224 242 1367 271; x_wconf 84' lang='lat' dir='ltr'><strong>omnes</strong></span> 
     </span>
     <span class='ocr_line' id='line_1_3' title="bbox 29 300 1393 359; baseline -0.003 -13"><span class='ocrx_word' id='word_1_14' title='bbox 29 306 127 348; x_wconf 82' lang='lat' dir='ltr'><strong>boni</strong></span> <span class='ocrx_word' id='word_1_15' title='bbox 151 319 291 359; x_wconf 87' lang='lat' dir='ltr'>pacem</span> <span class='ocrx_word' id='word_1_16' title='bbox 311 314 352 344; x_wconf 87' lang='lat' dir='ltr'><strong>et</strong></span> <span class='ocrx_word' id='word_1_17' title='bbox 374 303 637 345; x_wconf 87' lang='lat' dir='ltr'>concordiam</span> <span class='ocrx_word' id='word_1_18' title='bbox 658 301 822 340; x_wconf 88' lang='lat' dir='ltr'><strong>tandem</strong></span> <span class='ocrx_word' id='word_1_19' title='bbox 844 300 1064 341; x_wconf 87' lang='lat' dir='ltr'><strong>stabilitam</strong></span> <span class='ocrx_word' id='word_1_20' title='bbox 1083 311 1125 342; x_wconf 89' lang='lat' dir='ltr'><strong>et</strong></span> <span class='ocrx_word' id='word_1_21' title='bbox 1144 300 1368 343; x_wconf 83' lang='lat' dir='ltr'><strong>firmiffimo</strong></span> <span class='ocrx_word' id='word_1_22' title='bbox 1391 345 1393 349; x_wconf 64' lang='grc'><em>,</em></span> 
     </span>
     <span class='ocr_line' id='line_1_4' title="bbox 28 373 1366 433; baseline -0.002 -16"><span class='ocrx_word' id='word_1_23' title='bbox 28 376 202 418; x_wconf 78' lang='lat' dir='ltr'><strong>vinculo</strong></span> <span class='ocrx_word' id='word_1_24' title='bbox 223 385 551 433; x_wconf 79' lang='lat' dir='ltr'><strong>coagmentatam</strong></span> <span class='ocrx_word' id='word_1_25' title='bbox 575 373 785 415; x_wconf 85' lang='lat' dir='ltr'><strong>crederent</strong></span> <span class='ocrx_word' id='word_1_26' title='bbox 801 402 815 420; x_wconf 85' lang='lat'><strong>,</strong></span> <span class='ocrx_word' id='word_1_27' title='bbox 847 387 1028 426; x_wconf 88' lang='lat' dir='ltr'><strong>cumque</strong></span> <span class='ocrx_word' id='word_1_28' title='bbox 1043 375 1132 416; x_wconf 87' lang='lat' dir='ltr'><strong>eius</strong></span> <span class='ocrx_word' id='word_1_29' title='bbox 1152 388 1249 415; x_wconf 89' lang='lat' dir='ltr'><strong>cum</strong></span> <span class='ocrx_word' id='word_1_30' title='bbox 1269 375 1366 415; x_wconf 83' lang='lat' dir='ltr'><strong>An·</strong></span> 
     </span>
     <span class='ocr_line' id='line_1_5' title="bbox 30 444 1369 505; baseline -0.001 -15"><span class='ocrx_word' id='word_1_31' title='bbox 30 450 148 490; x_wconf 85' lang='lat' dir='ltr'><strong>tonio</strong></span> <span class='ocrx_word' id='word_1_32' title='bbox 169 450 411 505; x_wconf 83' lang='lat' dir='ltr'><strong>coniugium</strong></span> <span class='ocrx_word' id='word_1_33' title='bbox 443 461 593 503; x_wconf 84' lang='lat' dir='ltr'><strong>magna</strong></span> <span class='ocrx_word' id='word_1_34' title='bbox 624 445 767 499; x_wconf 89' lang='lat' dir='ltr'><strong>populi</strong></span> <span class='ocrx_word' id='word_1_35' title='bbox 804 444 960 484; x_wconf 85' lang='lat' dir='ltr'><strong>laetitia</strong></span> <span class='ocrx_word' id='word_1_36' title='bbox 994 454 1036 485; x_wconf 88' lang='lat' dir='ltr'><strong>et</strong></span> <span class='ocrx_word' id='word_1_37' title='bbox 1070 446 1369 489; x_wconf 87' lang='lat' dir='ltr'><strong>acclamatione</strong></span> 
     </span>
     <span class='ocr_line' id='line_1_6' title="bbox 27 516 1370 575; baseline -0.001 -13"><span class='ocrx_word' id='word_1_38' title='bbox 27 533 252 575; x_wconf 82' lang='lat' dir='ltr'><strong>exceptum</strong></span> <span class='ocrx_word' id='word_1_39' title='bbox 280 521 392 572; x_wconf 85' lang='lat' dir='ltr'><strong>esset,</strong></span> <span class='ocrx_word' id='word_1_40' title='bbox 424 521 587 562; x_wconf 86' lang='lat' dir='ltr'><strong>videtur</strong></span> <span class='ocrx_word' id='word_1_41' title='bbox 619 519 709 559; x_wconf 86' lang='lat' dir='ltr'><strong>sane</strong></span> <span class='ocrx_word' id='word_1_42' title='bbox 731 517 894 572; x_wconf 84' lang='lat' dir='ltr'><strong>Eclogae</strong></span> <span class='ocrx_word' id='word_1_43' title='bbox 913 516 979 560; x_wconf 90' lang='lat' dir='ltr'><strong>IV</strong></span> <span class='ocrx_word' id='word_1_44' title='bbox 1005 529 1296 572; x_wconf 83' lang='lat' dir='ltr'><strong>argumentum</strong></span> <span class='ocrx_word' id='word_1_45' title='bbox 1325 529 1370 563; x_wconf 88' lang='lat' dir='ltr'><strong>et</strong></span> 
     </span>
     <span class='ocr_line' id='line_1_7' title="bbox 30 589 1367 647; baseline -0.001 -14"><span class='ocrx_word' id='word_1_46' title='bbox 30 594 199 647; x_wconf 85' lang='lat' dir='ltr'><strong>scriptio</strong></span> <span class='ocrx_word' id='word_1_47' title='bbox 218 594 265 634; x_wconf 87' lang='lat' dir='ltr'><strong>ad</strong></span> <span class='ocrx_word' id='word_1_48' title='bbox 288 596 328 634; x_wconf 79' lang='lat' dir='ltr'><strong>h.</strong></span> <span class='ocrx_word' id='word_1_49' title='bbox 354 609 389 634; x_wconf 90' lang='lat' dir='ltr'><strong>a.</strong></span> <span class='ocrx_word' id='word_1_50' title='bbox 427 591 635 634; x_wconf 84' lang='lat' dir='ltr'><strong>referenda</strong></span> <span class='ocrx_word' id='word_1_51' title='bbox 655 589 747 641; x_wconf 84' lang='lat' dir='ltr'><strong>effe,</strong></span> <span class='ocrx_word' id='word_1_52' title='bbox 780 599 824 631; x_wconf 91' lang='lat' dir='ltr'><strong>vt</strong></span> <span class='ocrx_word' id='word_1_53' title='bbox 847 590 984 630; x_wconf 82' lang='lat' dir='ltr'><strong>infans</strong></span> <span class='ocrx_word' id='word_1_54' title='bbox 1007 590 1077 630; x_wconf 89' lang='lat' dir='ltr'><strong>ille</strong></span> <span class='ocrx_word' id='word_1_55' title='bbox 1104 591 1335 632; x_wconf 88' lang='lat' dir='ltr'><strong>nasciturus</strong></span> <span class='ocrx_word' id='word_1_56' title='bbox 1351 622 1367 643; x_wconf 93' lang='lat'><strong>,</strong></span> 
     </span>
     <span class='ocr_line' id='line_1_8' title="bbox 29 663 1367 718; baseline -0.001 -12"><span class='ocrx_word' id='word_1_57' title='bbox 29 666 150 706; x_wconf 84' lang='lat' dir='ltr'><strong>cuius</strong></span> <span class='ocrx_word' id='word_1_58' title='bbox 185 667 228 706; x_wconf 88' lang='lat' dir='ltr'><strong>in</strong></span> <span class='ocrx_word' id='word_1_59' title='bbox 248 681 297 706; x_wconf 86' lang='lat' dir='ltr'><strong>eo</strong></span> <span class='ocrx_word' id='word_1_60' title='bbox 327 666 508 706; x_wconf 83' lang='lat' dir='ltr'><strong>carmine</strong></span> <span class='ocrx_word' id='word_1_61' title='bbox 541 674 622 704; x_wconf 86' lang='lat' dir='ltr'><strong>tam</strong></span> <span class='ocrx_word' id='word_1_62' title='bbox 655 663 861 718; x_wconf 84' lang='lat' dir='ltr'><strong>praeclara</strong></span> <span class='ocrx_word' id='word_1_63' title='bbox 888 663 971 702; x_wconf 83' lang='lat' dir='ltr'><strong>fata</strong></span> <span class='ocrx_word' id='word_1_64' title='bbox 991 663 1200 703; x_wconf 86' lang='lat' dir='ltr'><strong>ominatur</strong></span> <span class='ocrx_word' id='word_1_65' title='bbox 1220 673 1367 718; x_wconf 83' lang='lat' dir='ltr'><strong>poeta,</strong></span> 
     </span>
     <span class='ocr_line' id='line_1_9' title="bbox 27 733 1368 792; baseline -0.001 -14"><span class='ocrx_word' id='word_1_66' title='bbox 27 738 172 784; x_wconf 78' lang='lat' dir='ltr'><strong>nullus</strong></span> <span class='ocrx_word' id='word_1_67' title='bbox 207 739 311 779; x_wconf 85' lang='lat' dir='ltr'><strong>alius</strong></span> <span class='ocrx_word' id='word_1_68' title='bbox 333 737 407 788; x_wconf 86' lang='lat' dir='ltr'><strong>fit,</strong></span> <span class='ocrx_word' id='word_1_69' title='bbox 441 751 564 792; x_wconf 87' lang='lat' dir='ltr'><strong>quam</strong></span> <span class='ocrx_word' id='word_1_70' title='bbox 590 736 622 776; x_wconf 83' lang='lat' dir='ltr'><strong>is</strong></span> <span class='ocrx_word' id='word_1_71' title='bbox 640 766 652 784; x_wconf 88' lang='lat'><strong>,</strong></span> <span class='ocrx_word' id='word_1_72' title='bbox 685 749 809 789; x_wconf 85' lang='lat' dir='ltr'><strong>quem</strong></span> <span class='ocrx_word' id='word_1_73' title='bbox 832 733 1015 777; x_wconf 59' lang='lat' dir='ltr'><strong>Octauia</strong></span> <span class='ocrx_word' id='word_1_74' title='bbox 1039 745 1127 774; x_wconf 88' lang='lat' dir='ltr'><strong>turn</strong></span> <span class='ocrx_word' id='word_1_75' title='bbox 1150 745 1266 776; x_wconf 87' lang='lat' dir='ltr'><strong>vtero</strong></span> <span class='ocrx_word' id='word_1_76' title='bbox 1295 751 1368 792; x_wconf 78' lang='lat' dir='ltr'><strong>ge-</strong></span> 
     </span>
     <span class='ocr_line' id='line_1_10' title="bbox 31 806 1371 864; baseline 0.001 -15"><span class='ocrx_word' id='word_1_77' title='bbox 31 810 157 853; x_wconf 83' lang='lat' dir='ltr'><strong>rebat.</strong></span> <span class='ocrx_word' id='word_1_78' title='bbox 220 809 428 864; x_wconf 73' lang='lat' dir='ltr'><strong>Quamuis</strong></span> <span class='ocrx_word' id='word_1_79' title='bbox 450 820 583 849; x_wconf 83' lang='lat' dir='ltr'><strong>autem</strong></span> <span class='ocrx_word' id='word_1_80' title='bbox 617 808 785 848; x_wconf 84' lang='lat' dir='ltr'><strong>difficile</strong></span> <span class='ocrx_word' id='word_1_81' title='bbox 811 806 860 848; x_wconf 83' lang='lat' dir='ltr'><strong>fit</strong></span> <span class='ocrx_word' id='word_1_82' title='bbox 894 808 1056 857; x_wconf 86' lang='lat' dir='ltr'><strong>dicere,</strong></span> <span class='ocrx_word' id='word_1_83' title='bbox 1090 809 1299 860; x_wconf 86' lang='lat' dir='ltr'><strong>quomodo</strong></span> <span class='ocrx_word' id='word_1_84' title='bbox 1319 810 1371 850; x_wconf 78' lang='lat' dir='ltr'><strong>de</strong></span> 
     </span>
     <span class='ocr_line' id='line_1_11' title="bbox 30 877 1369 935; baseline 0.002 -15"><span class='ocrx_word' id='word_1_85' title='bbox 30 879 228 927; x_wconf 84' lang='lat' dir='ltr'><strong>Marcelli</strong></span> <span class='ocrx_word' id='word_1_86' title='bbox 249 881 463 935; x_wconf 82' lang='lat' dir='ltr'><strong>posthumo</strong></span> <span class='ocrx_word' id='word_1_87' title='bbox 478 912 490 931; x_wconf 95' lang='lat'><strong>,</strong></span> <span class='ocrx_word' id='word_1_88' title='bbox 514 880 593 921; x_wconf 72' lang='lat' dir='ltr'><strong>siue</strong></span> <span class='ocrx_word' id='word_1_89' title='bbox 614 880 646 920; x_wconf 88' lang='lat' dir='ltr'><strong>is</strong></span> <span class='ocrx_word' id='word_1_90' title='bbox 663 895 712 919; x_wconf 84' lang='lat' dir='ltr'><strong>ex</strong></span> <span class='ocrx_word' id='word_1_91' title='bbox 730 878 897 920; x_wconf 82' lang='lat' dir='ltr'><strong>Catroei</strong></span> <span class='ocrx_word' id='word_1_92' title='bbox 911 909 923 929; x_wconf 94' lang='lat'><strong>,</strong></span> <span class='ocrx_word' id='word_1_93' title='bbox 947 877 1124 919; x_wconf 82' lang='lat' dir='ltr'><strong>Martini</strong></span> <span class='ocrx_word' id='word_1_94' title='bbox 1142 890 1182 920; x_wconf 90' lang='lat' dir='ltr'><strong>et</strong></span> <span class='ocrx_word' id='word_1_95' title='bbox 1200 880 1369 934; x_wconf 83' lang='lat' dir='ltr'><strong>Spencii</strong></span> 
     </span>
     <span class='ocr_line' id='line_1_12' title="bbox 29 950 1367 1009; baseline 0.001 -17"><span class='ocrx_word' id='word_1_96' title='bbox 29 954 226 1009; x_wconf 78' lang='lat' dir='ltr'><strong>opinione</strong></span> <span class='ocrx_word' id='word_1_97' title='bbox 248 952 451 1008; x_wconf 87' lang='lat' dir='ltr'><strong>Polymet.</strong></span> <span class='ocrx_word' id='word_1_98' title='bbox 478 969 516 1007; x_wconf 84' lang='lat' dir='ltr'><strong>p.</strong></span> <span class='ocrx_word' id='word_1_99' title='bbox 546 955 637 1008; x_wconf 69' lang='lat'>189.</span> <span class='ocrx_word' id='word_1_100' title='bbox 664 952 731 993; x_wconf 79' lang='lat'><strong>86,</strong></span> <span class='ocrx_word' id='word_1_101' title='bbox 770 951 875 990; x_wconf 88' lang='lat' dir='ltr'><strong>idem</strong></span> <span class='ocrx_word' id='word_1_102' title='bbox 908 951 978 991; x_wconf 87' lang='lat' dir='ltr'><strong>ille</strong></span> <span class='ocrx_word' id='word_1_103' title='bbox 1014 950 1082 994; x_wconf 88' lang='grc' dir='ltr'><strong>Μ.</strong></span> <span class='ocrx_word' id='word_1_104' title='bbox 1107 951 1367 1004; x_wconf 81' lang='lat' dir='ltr'><strong>Marcellus,</strong></span> 
     </span>
     <span class='ocr_line' id='line_1_13' title="bbox 29 1024 1370 1080; baseline 0.004 -17"><span class='ocrx_word' id='word_1_105' title='bbox 29 1024 105 1078; x_wconf 85' lang='lat' dir='ltr'><strong>qui</strong></span> <span class='ocrx_word' id='word_1_106' title='bbox 126 1025 347 1064; x_wconf 76' lang='lat' dir='ltr'><strong>immatura</strong></span> <span class='ocrx_word' id='word_1_107' title='bbox 368 1036 499 1064; x_wconf 84' lang='lat' dir='ltr'><strong>morte</strong></span> <span class='ocrx_word' id='word_1_108' title='bbox 520 1025 578 1065; x_wconf 92' lang='lat' dir='ltr'><strong>V.</strong></span> <span class='ocrx_word' id='word_1_109' title='bbox 603 1024 656 1065; x_wconf 92' lang='lat' dir='ltr'><strong>C.</strong></span> <span class='ocrx_word' id='word_1_110' title='bbox 692 1039 768 1080; x_wconf 80' lang='lat'><strong>731</strong></span> <span class='ocrx_word' id='word_1_111' title='bbox 804 1025 909 1065; x_wconf 78' lang='lat' dir='ltr'><strong>obiit</strong></span> <span class='ocrx_word' id='word_1_112' title='bbox 924 1056 935 1074; x_wconf 94' lang='lat'><strong>,</strong></span> <span class='ocrx_word' id='word_1_113' title='bbox 972 1025 1042 1079; x_wconf 88' lang='lat' dir='ltr'><strong>(ad</strong></span> <span class='ocrx_word' id='word_1_114' title='bbox 1066 1041 1190 1079; x_wconf 85' lang='lat' dir='ltr'><strong>quem</strong></span> <span class='ocrx_word' id='word_1_115' title='bbox 1212 1041 1370 1068; x_wconf 83' lang='lat' dir='ltr'><strong>annum</strong></span> 
     </span>
     <span class='ocr_line' id='line_1_14' title="bbox 30 1095 1369 1149; baseline 0.002 -11"><span class='ocrx_word' id='word_1_116' title='bbox 30 1095 142 1149; x_wconf 73' lang='lat' dir='ltr'><strong>vide)</strong></span> <span class='ocrx_word' id='word_1_117' title='bbox 167 1095 246 1138; x_wconf 86' lang='lat' dir='ltr'><strong>fiue</strong></span> <span class='ocrx_word' id='word_1_118' title='bbox 267 1097 372 1137; x_wconf 84' lang='lat' dir='ltr'><strong>alius</strong></span> <span class='ocrx_word' id='word_1_119' title='bbox 394 1098 529 1138; x_wconf 87' lang='lat' dir='ltr'><strong>minor</strong></span> <span class='ocrx_word' id='word_1_120' title='bbox 551 1107 650 1137; x_wconf 86' lang='lat' dir='ltr'><strong>natu</strong></span> <span class='ocrx_word' id='word_1_121' title='bbox 675 1098 756 1137; x_wconf 84' lang='lat' dir='ltr'><strong>fuit</strong></span> <span class='ocrx_word' id='word_1_122' title='bbox 772 1128 783 1147; x_wconf 92' lang='lat'><strong>,</strong></span> <span class='ocrx_word' id='word_1_123' title='bbox 818 1107 881 1137; x_wconf 86' lang='lat' dir='ltr'><strong>tot</strong></span> <span class='ocrx_word' id='word_1_124' title='bbox 901 1108 941 1137; x_wconf 86' lang='lat' dir='ltr'><strong>et</strong></span> <span class='ocrx_word' id='word_1_125' title='bbox 964 1108 1077 1138; x_wconf 79' lang='lat' dir='ltr'><strong>tanta</strong></span> <span class='ocrx_word' id='word_1_126' title='bbox 1098 1098 1146 1138; x_wconf 81' lang='lat' dir='ltr'><strong>ad</strong></span> <span class='ocrx_word' id='word_1_127' title='bbox 1169 1098 1369 1142; x_wconf 87' lang='lat' dir='ltr'><strong>summam</strong></span> 
     </span>
     <span class='ocr_line' id='line_1_15' title="bbox 29 1168 1370 1226; baseline 0.003 -19"><span class='ocrx_word' id='word_1_128' title='bbox 29 1182 167 1213; x_wconf 77' lang='lat' dir='ltr'><strong>rerum</strong></span> <span class='ocrx_word' id='word_1_129' title='bbox 206 1168 429 1222; x_wconf 58' lang='lat' dir='ltr'><strong>spectantia</strong></span> <span class='ocrx_word' id='word_1_130' title='bbox 463 1170 653 1225; x_wconf 80' lang='lat' dir='ltr'><strong>augurari</strong></span> <span class='ocrx_word' id='word_1_131' title='bbox 692 1180 781 1210; x_wconf 85' lang='lat' dir='ltr'><strong>tum</strong></span> <span class='ocrx_word' id='word_1_132' title='bbox 822 1171 973 1225; x_wconf 85' lang='lat' dir='ltr'><strong>aliquis</strong></span> <span class='ocrx_word' id='word_1_133' title='bbox 1013 1172 1218 1226; x_wconf 79' lang='lat' dir='ltr'><strong>potuerit3</strong></span> <span class='ocrx_word' id='word_1_134' title='bbox 1272 1186 1370 1212; x_wconf 89' lang='lat' dir='ltr'><strong>cum</strong></span> 
     </span>
     <span class='ocr_line' id='line_1_16' title="bbox 31 1240 1370 1286; baseline 0.004 -8"><span class='ocrx_word' id='word_1_135' title='bbox 31 1249 168 1284; x_wconf 83' lang='lat' dir='ltr'><strong>tamen</strong></span> <span class='ocrx_word' id='word_1_136' title='bbox 189 1240 324 1285; x_wconf 85' lang='lat' dir='ltr'><strong>infans</strong></span> <span class='ocrx_word' id='word_1_137' title='bbox 347 1240 417 1281; x_wconf 90' lang='lat' dir='ltr'><strong>ille</strong></span> <span class='ocrx_word' id='word_1_138' title='bbox 431 1256 482 1282; x_wconf 86' lang='lat' dir='ltr'><strong>ex</strong></span> <span class='ocrx_word' id='word_1_139' title='bbox 502 1241 729 1283; x_wconf 66' lang='lat' dir='ltr'><strong>Octauiani</strong></span> <span class='ocrx_word' id='word_1_140' title='bbox 753 1243 884 1284; x_wconf 89' lang='lat' dir='ltr'><strong>sorore</strong></span> <span class='ocrx_word' id='word_1_141' title='bbox 906 1253 1028 1284; x_wconf 85' lang='lat' dir='ltr'><strong>natus</strong></span> <span class='ocrx_word' id='word_1_142' title='bbox 1046 1253 1086 1283; x_wconf 82' lang='lat' dir='ltr'><strong>et</strong></span> <span class='ocrx_word' id='word_1_143' title='bbox 1108 1243 1157 1283; x_wconf 85' lang='lat' dir='ltr'><strong>ab</strong></span> <span class='ocrx_word' id='word_1_144' title='bbox 1176 1243 1370 1286; x_wconf 76' lang='lat' dir='ltr'><strong>Antonio</strong></span> 
     </span>
     <span class='ocr_line' id='line_1_17' title="bbox 30 1311 1369 1370; baseline 0.004 -19"><span class='ocrx_word' id='word_1_145' title='bbox 30 1311 254 1366; x_wconf 74' lang='lat' dir='ltr'><strong>aliquando</strong></span> <span class='ocrx_word' id='word_1_146' title='bbox 278 1313 519 1368; x_wconf 84' lang='lat' dir='ltr'><strong>adoptatus,</strong></span> <span class='ocrx_word' id='word_1_147' title='bbox 553 1315 600 1355; x_wconf 86' lang='lat' dir='ltr'><strong>de</strong></span> <span class='ocrx_word' id='word_1_148' title='bbox 624 1331 706 1370; x_wconf 86' lang='lat' dir='ltr'><strong>quo</strong></span> <span class='ocrx_word' id='word_1_149' title='bbox 738 1317 844 1356; x_wconf 85' lang='lat' dir='ltr'><strong>forte</strong></span> <span class='ocrx_word' id='word_1_150' title='bbox 875 1317 957 1359; x_wconf 85' lang='lat' dir='ltr'><strong>iam</strong></span> <span class='ocrx_word' id='word_1_151' title='bbox 979 1326 1066 1357; x_wconf 88' lang='lat' dir='ltr'><strong>tum</strong></span> <span class='ocrx_word' id='word_1_152' title='bbox 1089 1327 1369 1367; x_wconf 84' lang='lat' dir='ltr'><strong>conuenerat,</strong></span> 
     </span>
     <span class='ocr_line' id='line_1_18' title="bbox 30 1383 1374 1447; baseline 0.004 -23"><span class='ocrx_word' id='word_1_153' title='bbox 30 1383 81 1430; x_wconf 68' lang='lat' dir='ltr'><strong>ad</strong></span> <span class='ocrx_word' id='word_1_154' title='bbox 103 1384 278 1426; x_wconf 88' lang='lat' dir='ltr'><strong>summas</strong></span> <span class='ocrx_word' id='word_1_155' title='bbox 310 1400 404 1440; x_wconf 84' lang='lat' dir='ltr'><strong>opes</strong></span> <span class='ocrx_word' id='word_1_156' title='bbox 428 1400 700 1444; x_wconf 83' lang='lat' dir='ltr'><strong>peruenturus</strong></span> <span class='ocrx_word' id='word_1_157' title='bbox 723 1389 796 1430; x_wconf 74' lang='lat' dir='ltr'><strong>esse</strong></span> <span class='ocrx_word' id='word_1_158' title='bbox 818 1389 1052 1441; x_wconf 86' lang='lat' dir='ltr'><strong>videretur,</strong></span> <span class='ocrx_word' id='word_1_159' title='bbox 1085 1390 1225 1447; x_wconf 77' lang='lat' dir='ltr'><strong>potuit</strong></span> <span class='ocrx_word' id='word_1_160' title='bbox 1253 1401 1374 1445; x_wconf 82' lang='lat' dir='ltr'><strong>pocta</strong></span> 
     </span>
     <span class='ocr_line' id='line_1_19' title="bbox 33 1455 1378 1516; baseline 0.004 -20"><span class='ocrx_word' id='word_1_161' title='bbox 33 1455 210 1503; x_wconf 83' lang='lat' dir='ltr'><strong>laetitiae</strong></span> <span class='ocrx_word' id='word_1_162' title='bbox 231 1458 419 1511; x_wconf 88' lang='lat' dir='ltr'><strong>publicae</strong></span> <span class='ocrx_word' id='word_1_163' title='bbox 441 1460 639 1514; x_wconf 82' lang='lat' dir='ltr'><strong>impetum</strong></span> <span class='ocrx_word' id='word_1_164' title='bbox 663 1463 805 1516; x_wconf 87' lang='lat' dir='ltr'><strong>sequi,</strong></span> <span class='ocrx_word' id='word_1_165' title='bbox 838 1473 878 1502; x_wconf 79' lang='lat' dir='ltr'><strong>et</strong></span> <span class='ocrx_word' id='word_1_166' title='bbox 905 1478 990 1502; x_wconf 84' lang='lat' dir='ltr'><strong>rem</strong></span> <span class='ocrx_word' id='word_1_167' title='bbox 1014 1463 1228 1503; x_wconf 84' lang='lat' dir='ltr'><strong>sententiis</strong></span> <span class='ocrx_word' id='word_1_168' title='bbox 1257 1477 1378 1503; x_wconf 76' lang='lat' dir='ltr'><strong>exor-</strong></span> 
     </span>
     <span class='ocr_line' id='line_1_20' title="bbox 31 1531 1378 1588; baseline 0.004 -18"><span class='ocrx_word' id='word_1_169' title='bbox 31 1543 128 1570; x_wconf 85' lang='lat' dir='ltr'><strong>nare</strong></span> <span class='ocrx_word' id='word_1_170' title='bbox 149 1542 189 1573; x_wconf 77' lang='lat' dir='ltr'><strong>et</strong></span> <span class='ocrx_word' id='word_1_171' title='bbox 209 1531 458 1587; x_wconf 82' lang='lat' dir='ltr'><strong>amplificare</strong></span> <span class='ocrx_word' id='word_1_172' title='bbox 474 1564 486 1584; x_wconf 95' lang='lat'><strong>,</strong></span> <span class='ocrx_word' id='word_1_173' title='bbox 529 1549 631 1588; x_wconf 81' lang='lat' dir='ltr'><strong>quas</strong></span> <span class='ocrx_word' id='word_1_174' title='bbox 661 1536 820 1588; x_wconf 83' lang='lat' dir='ltr'><strong>poetica</strong></span> <span class='ocrx_word' id='word_1_175' title='bbox 841 1536 945 1577; x_wconf 77' lang='lat' dir='ltr'><strong>ratio</strong></span> <span class='ocrx_word' id='word_1_176' title='bbox 969 1535 1274 1588; x_wconf 78' lang='lat' dir='ltr'><strong>suppeditabat,</strong></span> <span class='ocrx_word' id='word_1_177' title='bbox 1307 1536 1378 1575; x_wconf 86' lang='lat' dir='ltr'><strong>in·-</strong></span> 
     </span>
     <span class='ocr_line' id='line_1_21' title="bbox 33 1592 1373 1663; baseline 0.004 -20"><span class='ocrx_word' id='word_1_178' title='bbox 33 1603 192 1656; x_wconf 81' lang='lat' dir='ltr'><strong>primis,</strong></span> <span class='ocrx_word' id='word_1_179' title='bbox 225 1592 356 1659; x_wconf 86' lang='lat' dir='ltr'><strong>quum</strong></span> <span class='ocrx_word' id='word_1_180' title='bbox 396 1594 652 1661; x_wconf 83' lang='lat' dir='ltr'><strong>Sibyllinum</strong></span> <span class='ocrx_word' id='word_1_181' title='bbox 688 1607 929 1657; x_wconf 79' lang='lat' dir='ltr'><strong>oraculum,</strong></span> <span class='ocrx_word' id='word_1_182' title='bbox 963 1608 1072 1663; x_wconf 85' lang='lat' dir='ltr'><strong>quod</strong></span> <span class='ocrx_word' id='word_1_183' title='bbox 1112 1609 1373 1662; x_wconf 85' lang='lat' dir='ltr'><strong>sequeretur,</strong></span> 
     </span>
     <span class='ocr_line' id='line_1_22' title="bbox 33 1661 1377 1731; baseline 0.005 -18"><span class='ocrx_word' id='word_1_184' title='bbox 33 1661 226 1727; x_wconf 77' lang='lat' dir='ltr'><strong>haberet,</strong></span> <span class='ocrx_word' id='word_1_185' title='bbox 260 1686 300 1722; x_wconf 82' lang='lat' dir='ltr'><strong>et</strong></span> <span class='ocrx_word' id='word_1_186' title='bbox 327 1675 494 1727; x_wconf 79' lang='lat' dir='ltr'><strong>Sileno,</strong></span> <span class='ocrx_word' id='word_1_187' title='bbox 529 1692 634 1731; x_wconf 87' lang='lat' dir='ltr'><strong>quae</strong></span> <span class='ocrx_word' id='word_1_188' title='bbox 656 1678 844 1728; x_wconf 78' lang='lat' dir='ltr'><strong>dicebat,</strong></span> <span class='ocrx_word' id='word_1_189' title='bbox 879 1679 1090 1720; x_wconf 80' lang='lat' dir='ltr'><strong>tribueret.</strong></span> <span class='ocrx_word' id='word_1_190' title='bbox 1153 1680 1246 1720; x_wconf 88' lang='lat' dir='ltr'><strong>Hoc</strong></span> <span class='ocrx_word' id='word_1_191' title='bbox 1270 1691 1377 1720; x_wconf 81' lang='lat' dir='ltr'><strong>certe</strong></span> 
     </span>
     <span class='ocr_line' id='line_1_23' title="bbox 33 1749 1375 1807; baseline 0.005 -22"><span class='ocrx_word' id='word_1_192' title='bbox 33 1760 166 1796; x_wconf 73' lang='lat' dir='ltr'><strong>ann0,</strong></span> <span class='ocrx_word' id='word_1_193' title='bbox 198 1762 298 1801; x_wconf 90' lang='lat' dir='ltr'><strong>pace</strong></span> <span class='ocrx_word' id='word_1_194' title='bbox 324 1749 404 1788; x_wconf 89' lang='lat' dir='ltr'><strong>iam</strong></span> <span class='ocrx_word' id='word_1_195' title='bbox 433 1750 646 1800; x_wconf 55' lang='lat' dir='ltr'><strong>confecta,</strong></span> <span class='ocrx_word' id='word_1_196' title='bbox 680 1750 883 1807; x_wconf 76' lang='lat' dir='ltr'><strong>Eclogam</strong></span> <span class='ocrx_word' id='word_1_197' title='bbox 920 1752 1026 1792; x_wconf 82' lang='lat' dir='ltr'><strong>hanc</strong></span> <span class='ocrx_word' id='word_1_198' title='bbox 1051 1752 1241 1806; x_wconf 82' lang='lat' dir='ltr'><strong>scriptam</strong></span> <span class='ocrx_word' id='word_1_199' title='bbox 1271 1752 1375 1803; x_wconf 75' lang='lat' dir='ltr'><strong>esse,</strong></span> 
     </span>
     <span class='ocr_line' id='line_1_24' title="bbox 34 1818 1375 1879; baseline 0.004 -19"><span class='ocrx_word' id='word_1_200' title='bbox 34 1818 212 1860; x_wconf 78' lang='lat' dir='ltr'><strong>dubitari</strong></span> <span class='ocrx_word' id='word_1_201' title='bbox 246 1822 419 1874; x_wconf 81' lang='lat' dir='ltr'><strong>nequit3</strong></span> <span class='ocrx_word' id='word_1_202' title='bbox 453 1837 585 1876; x_wconf 87' lang='lat' dir='ltr'><strong>quum</strong></span> <span class='ocrx_word' id='word_1_203' title='bbox 620 1821 803 1865; x_wconf 81' lang='lat' dir='ltr'><strong>Pollioni</strong></span> <span class='ocrx_word' id='word_1_204' title='bbox 838 1822 1011 1864; x_wconf 85' lang='lat' dir='ltr'><strong>Consuli</strong></span> <span class='ocrx_word' id='word_1_205' title='bbox 1049 1825 1247 1879; x_wconf 83' lang='lat' dir='ltr'><strong>inscripta</strong></span> <span class='ocrx_word' id='word_1_206' title='bbox 1268 1824 1315 1865; x_wconf 88' lang='lat' dir='ltr'><strong>fit</strong></span> <span class='ocrx_word' id='word_1_207' title='bbox 1336 1841 1375 1867; x_wconf 82' lang='lat' dir='ltr'><strong>v.</strong></span> 
     </span>
     <span class='ocr_line' id='line_1_25' title="bbox 37 1894 1376 1952; baseline 0.006 -22"><span class='ocrx_word' id='word_1_208' title='bbox 37 1906 76 1948; x_wconf 87' lang='lat'><strong>3.</strong></span> <span class='ocrx_word' id='word_1_209' title='bbox 104 1905 167 1934; x_wconf 89' lang='lat'><strong>11.</strong></span> <span class='ocrx_word' id='word_1_210' title='bbox 196 1906 260 1941; x_wconf 68' lang='lat'><strong>12.</strong></span> <span class='ocrx_word' id='word_1_211' title='bbox 280 1894 376 1933; x_wconf 89' lang='lat' dir='ltr'><strong>orbe</strong></span> <span class='ocrx_word' id='word_1_212' title='bbox 394 1895 472 1934; x_wconf 82' lang='lat' dir='ltr'><strong>iam</strong></span> <span class='ocrx_word' id='word_1_213' title='bbox 496 1904 641 1949; x_wconf 84' lang='lat' dir='ltr'><strong>pacato</strong></span> <span class='ocrx_word' id='word_1_214' title='bbox 662 1910 700 1940; x_wconf 82' lang='lat' dir='ltr'><strong>v,</strong></span> <span class='ocrx_word' id='word_1_215' title='bbox 729 1910 794 1951; x_wconf 86' lang='lat'><strong>17.</strong></span> <span class='ocrx_word' id='word_1_216' title='bbox 858 1895 930 1936; x_wconf 87' lang='lat' dir='ltr'><strong>Cf.</strong></span> <span class='ocrx_word' id='word_1_217' title='bbox 955 1897 1131 1952; x_wconf 81' lang='lat' dir='ltr'><strong>Argum.</strong></span> <span class='ocrx_word' id='word_1_218' title='bbox 1152 1898 1267 1937; x_wconf 86' lang='lat' dir='ltr'><strong>illius</strong></span> <span class='ocrx_word' id='word_1_219' title='bbox 1289 1897 1376 1938; x_wconf 88' lang='lat' dir='ltr'><strong>Ec-</strong></span> 
     </span>
     <span class='ocr_line' id='line_1_26' title="bbox 36 1951 1373 2019; baseline 0.005 -16"><span class='ocrx_word' id='word_1_220' title='bbox 36 1951 152 2019; x_wconf 82' lang='lat' dir='ltr'><strong>logae</strong></span> <span class='ocrx_word' id='word_1_221' title='bbox 172 1966 240 2006; x_wconf 8' lang='lat' dir='ltr'><strong>vehi</strong></span> <span class='ocrx_word' id='word_1_222' title='bbox 262 1976 302 2006; x_wconf 89' lang='lat' dir='ltr'><strong>et</strong></span> <span class='ocrx_word' id='word_1_223' title='bbox 333 1967 436 2008; x_wconf 82' lang='lat' dir='ltr'><strong>illud</strong></span> <span class='ocrx_word' id='word_1_224' title='bbox 459 1977 650 2015; x_wconf 78' lang='lat' dir='ltr'><strong>notatum</strong></span> <span class='ocrx_word' id='word_1_225' title='bbox 666 1999 678 2018; x_wconf 89' lang='lat'><strong>,</strong></span> <span class='ocrx_word' id='word_1_226' title='bbox 711 1969 817 2009; x_wconf 85' lang='lat' dir='ltr'><strong>male</strong></span> <span class='ocrx_word' id='word_1_227' title='bbox 839 1970 992 2009; x_wconf 76' lang='lat' dir='ltr'><strong>multos</strong></span> <span class='ocrx_word' id='word_1_228' title='bbox 1017 1970 1234 2019; x_wconf 82' lang='lat' dir='ltr'><strong>arbitrari,</strong></span> <span class='ocrx_word' id='word_1_229' title='bbox 1272 1969 1373 2010; x_wconf 86' lang='lat' dir='ltr'><strong>Pol-</strong></span> 
     </span>
     <span class='ocr_line' id='line_1_27' title="bbox 34 2035 1377 2099; baseline 0.005 -23"><span class='ocrx_word' id='word_1_230' title='bbox 34 2035 138 2083; x_wconf 79' lang='lat' dir='ltr'><strong>lioni</strong></span> <span class='ocrx_word' id='word_1_231' title='bbox 161 2036 292 2079; x_wconf 78' lang='lat' dir='ltr'><strong>filium</strong></span> <span class='ocrx_word' id='word_1_232' title='bbox 313 2049 456 2087; x_wconf 81' lang='lat' dir='ltr'><strong>natum</strong></span> <span class='ocrx_word' id='word_1_233' title='bbox 479 2054 526 2080; x_wconf 87' lang='lat' dir='ltr'><strong>eo</strong></span> <span class='ocrx_word' id='word_1_234' title='bbox 548 2043 729 2083; x_wconf 85' lang='lat' dir='ltr'><strong>carmine</strong></span> <span class='ocrx_word' id='word_1_235' title='bbox 751 2052 913 2096; x_wconf 82' lang='lat' dir='ltr'><strong>poetam</strong></span> <span class='ocrx_word' id='word_1_236' title='bbox 936 2043 1151 2099; x_wconf 75' lang='lat' dir='ltr'><strong>gratulari.</strong></span> <span class='ocrx_word' id='word_1_237' title='bbox 1215 2042 1377 2083; x_wconf 87' lang='lat' dir='ltr'><strong>Secun-</strong></span> 
     </span>
     <span class='ocr_line' id='line_1_28' title="bbox 34 2107 1374 2167; baseline 0.003 -17"><span class='ocrx_word' id='word_1_238' title='bbox 34 2107 134 2150; x_wconf 76' lang='lat' dir='ltr'><strong>dum</strong></span> <span class='ocrx_word' id='word_1_239' title='bbox 169 2107 242 2149; x_wconf 87' lang='lat' dir='ltr'><strong>hos</strong></span> <span class='ocrx_word' id='word_1_240' title='bbox 278 2109 559 2167; x_wconf 87' lang='lat' dir='ltr'><strong>Hieronymus</strong></span> <span class='ocrx_word' id='word_1_241' title='bbox 583 2112 745 2156; x_wconf 82' lang='lat' dir='ltr'><strong>Chron.</strong></span> <span class='ocrx_word' id='word_1_242' title='bbox 781 2115 933 2157; x_wconf 84' lang='lat' dir='ltr'><strong>Euseb.</strong></span> <span class='ocrx_word' id='word_1_243' title='bbox 967 2114 1217 2156; x_wconf 86' lang='lat' dir='ltr'>MMXXX</span> <span class='ocrx_word' id='word_1_244' title='bbox 1239 2116 1374 2155; x_wconf 82' lang='lat' dir='ltr'><strong>dixit.</strong></span> 
     </span>
     <span class='ocr_line' id='line_1_29' title="bbox 35 2179 1378 2242; baseline 0.005 -23"><span class='ocrx_word' id='word_1_245' title='bbox 35 2179 83 2227; x_wconf 85' lang='lat' dir='ltr'><strong>C.</strong></span> <span class='ocrx_word' id='word_1_246' title='bbox 109 2180 262 2236; x_wconf 69' lang='lat' dir='ltr'><em>Asinius</em></span> <span class='ocrx_word' id='word_1_247' title='bbox 296 2183 451 2234; x_wconf 81' lang='lat' dir='ltr'><strong>Gallus,</strong></span> <span class='ocrx_word' id='word_1_248' title='bbox 500 2185 672 2236; x_wconf 77' lang='lat' dir='ltr'><strong>Orator,</strong></span> <span class='ocrx_word' id='word_1_249' title='bbox 707 2186 832 2242; x_wconf 77' lang='lat' dir='ltr'><em>Astnii</em></span> <span class='ocrx_word' id='word_1_250' title='bbox 867 2187 1052 2228; x_wconf 73' lang='lat' dir='ltr'><strong>Pollionis</strong></span> <span class='ocrx_word' id='word_1_251' title='bbox 1072 2185 1210 2242; x_wconf 77' lang='lat' dir='ltr'><strong>filius,</strong></span> <span class='ocrx_word' id='word_1_252' title='bbox 1257 2187 1378 2226; x_wconf 85' lang='lat' dir='ltr'><strong>cuius</strong></span> 
     </span>
     <span class='ocr_line' id='line_1_30' title="bbox 34 2243 1376 2316; baseline 0.005 -23"><span class='ocrx_word' id='word_1_253' title='bbox 34 2243 158 2294; x_wconf 82' lang='lat' dir='ltr'><strong>etiam</strong></span> <span class='ocrx_word' id='word_1_254' title='bbox 199 2252 408 2310; x_wconf 82' lang='lat' dir='ltr'><strong>Virgilius</strong></span> <span class='ocrx_word' id='word_1_255' title='bbox 446 2257 660 2308; x_wconf 81' lang='lat' dir='ltr'><strong>meminit,</strong></span> <span class='ocrx_word' id='word_1_256' title='bbox 692 2259 792 2303; x_wconf 79' lang='lat' dir='ltr'><strong>diris</strong></span> <span class='ocrx_word' id='word_1_257' title='bbox 825 2275 849 2300; x_wconf 79' lang='lat' dir='ltr'><strong>a</strong></span> <span class='ocrx_word' id='word_1_258' title='bbox 884 2259 1038 2300; x_wconf 78' lang='lat' dir='ltr'><strong>Tiberio</strong></span> <span class='ocrx_word' id='word_1_259' title='bbox 1055 2259 1260 2316; x_wconf 78' lang='lat' dir='ltr'><strong>suppliciis</strong></span> <span class='ocrx_word' id='word_1_260' title='bbox 1288 2274 1376 2300; x_wconf 83' lang='lat' dir='ltr'><strong>cne-</strong></span> 
     </span>
     <span class='ocr_line' id='line_1_31' title="bbox 35 2335 159 2370; baseline 0 -5"><span class='ocrx_word' id='word_1_261' title='bbox 35 2335 159 2370; x_wconf 73' lang='lat' dir='ltr'><strong>catur,</strong></span> 
     </span>
    </p>

    <p class='ocr_par' dir='ltr' id='par_1_3' title="bbox 38 2395 1377 2747">
     <span class='ocr_line' id='line_1_32' title="bbox 93 2395 1377 2454; baseline 0.007 -16"><span class='ocrx_word' id='word_1_262' title='bbox 93 2395 195 2438; x_wconf 89' lang='lat' dir='ltr'><strong>Non</strong></span> <span class='ocrx_word' id='word_1_263' title='bbox 230 2399 352 2439; x_wconf 90' lang='lat' dir='ltr'><strong>modo</strong></span> <span class='ocrx_word' id='word_1_264' title='bbox 392 2398 682 2441; x_wconf 78' lang='lat' dir='ltr'><strong>Brundisinam</strong></span> <span class='ocrx_word' id='word_1_265' title='bbox 699 2431 711 2450; x_wconf 92' lang='lat'><strong>,</strong></span> <span class='ocrx_word' id='word_1_266' title='bbox 763 2416 904 2447; x_wconf 81' lang='lat' dir='ltr'><strong>verum</strong></span> <span class='ocrx_word' id='word_1_267' title='bbox 945 2404 1066 2443; x_wconf 82' lang='lat' dir='ltr'><strong>etiam</strong></span> <span class='ocrx_word' id='word_1_268' title='bbox 1103 2403 1377 2454; x_wconf 78' lang='lat' dir='ltr'><strong>Puteolanam</strong></span> 
     </span>
     <span class='ocr_line' id='line_1_33' title="bbox 39 2471 1376 2533; baseline 0.008 -25"><span class='ocrx_word' id='word_1_269' title='bbox 39 2483 179 2522; x_wconf 87' lang='lat' dir='ltr'><strong>pacem</strong></span> <span class='ocrx_word' id='word_1_270' title='bbox 209 2471 289 2511; x_wconf 86' lang='lat' dir='ltr'><strong>iam</strong></span> <span class='ocrx_word' id='word_1_271' title='bbox 311 2473 401 2514; x_wconf 74' lang='lat' dir='ltr'><strong>tuni</strong></span> <span class='ocrx_word' id='word_1_272' title='bbox 423 2474 654 2514; x_wconf 58' lang='lat' dir='ltr'><strong>confectam</strong></span> <span class='ocrx_word' id='word_1_273' title='bbox 687 2473 802 2515; x_wconf 84' lang='lat' dir='ltr'><strong>fuisse</strong></span> <span class='ocrx_word' id='word_1_274' title='bbox 819 2505 831 2525; x_wconf 88' lang='lat'><strong>,</strong></span> <span class='ocrx_word' id='word_1_275' title='bbox 865 2491 995 2530; x_wconf 86' lang='lat' dir='ltr'><strong>quum</strong></span> <span class='ocrx_word' id='word_1_276' title='bbox 1016 2492 1061 2517; x_wconf 84' lang='lat' dir='ltr'><strong>ea</strong></span> <span class='ocrx_word' id='word_1_277' title='bbox 1095 2476 1254 2533; x_wconf 78' lang='lat' dir='ltr'><strong>Ecloga</strong></span> <span class='ocrx_word' id='word_1_278' title='bbox 1275 2479 1376 2519; x_wconf 62' lang='lat' dir='ltr'><strong>scri-2</strong></span> 
     </span>
     <span class='ocr_line' id='line_1_34' title="bbox 40 2541 1375 2598; baseline 0.01 -18"><span class='ocrx_word' id='word_1_279' title='bbox 40 2541 226 2593; x_wconf 82' lang='lat' dir='ltr'><strong>beretur,</strong></span> <span class='ocrx_word' id='word_1_280' title='bbox 258 2543 426 2589; x_wconf 90' lang='lat' dir='ltr'><strong>Ruaeus</strong></span> <span class='ocrx_word' id='word_1_281' title='bbox 447 2561 542 2588; x_wconf 90' lang='lat' dir='ltr'><strong>cum</strong></span> <span class='ocrx_word' id='word_1_282' title='bbox 570 2546 661 2586; x_wconf 84' lang='lat' dir='ltr'><strong>al&#39;iis</strong></span> <span class='ocrx_word' id='word_1_283' title='bbox 683 2558 908 2598; x_wconf 89' lang='lat' dir='ltr'><strong>memorat,</strong></span> <span class='ocrx_word' id='word_1_284' title='bbox 943 2558 986 2589; x_wconf 84' lang='lat' dir='ltr'><strong>vt</strong></span> <span class='ocrx_word' id='word_1_285' title='bbox 1013 2565 1105 2590; x_wconf 84' lang='lat' dir='ltr'><strong>vere</strong></span> <span class='ocrx_word' id='word_1_286' title='bbox 1129 2560 1242 2592; x_wconf 87' lang='lat' dir='ltr'><strong>totus</strong></span> <span class='ocrx_word' id='word_1_287' title='bbox 1263 2551 1375 2594; x_wconf 85' lang='lat' dir='ltr'><strong>orbis</strong></span> 
     </span>
     <span class='ocr_line' id='line_1_35' title="bbox 38 2615 1377 2673; baseline 0.01 -22"><span class='ocrx_word' id='word_1_288' title='bbox 38 2622 208 2673; x_wconf 74' lang='lat' dir='ltr'><strong>pacatus</strong></span> <span class='ocrx_word' id='word_1_289' title='bbox 230 2615 354 2659; x_wconf 90' lang='lat' dir='ltr'><strong>videri</strong></span> <span class='ocrx_word' id='word_1_290' title='bbox 376 2617 516 2671; x_wconf 75' lang='lat' dir='ltr'><strong>posset.</strong></span> <span class='ocrx_word' id='word_1_291' title='bbox 581 2618 811 2661; x_wconf 85' lang='lat' dir='ltr'><strong>Enimuero</strong></span> <span class='ocrx_word' id='word_1_292' title='bbox 842 2635 926 2663; x_wconf 91' lang='lat' dir='ltr'><strong>non</strong></span> <span class='ocrx_word' id='word_1_293' title='bbox 960 2621 1032 2663; x_wconf 83' lang='lat' dir='ltr'><strong>nifi</strong></span> <span class='ocrx_word' id='word_1_294' title='bbox 1065 2624 1234 2664; x_wconf 87' lang='lat' dir='ltr'><strong>ineunte</strong></span> <span class='ocrx_word' id='word_1_295' title='bbox 1265 2638 1377 2665; x_wconf 89' lang='lat' dir='ltr'><strong>anno</strong></span> 
     </span>
     <span class='ocr_line' id='line_1_36' title="bbox 38 2684 1374 2747; baseline 0.01 -23"><span class='ocrx_word' id='word_1_296' title='bbox 38 2684 223 2740; x_wconf 74' lang='lat' dir='ltr'><strong>sequenti</strong></span> <span class='ocrx_word' id='word_1_297' title='bbox 240 2718 253 2738; x_wconf 97' lang='lat'><strong>,</strong></span> <span class='ocrx_word' id='word_1_298' title='bbox 277 2703 406 2742; x_wconf 91' lang='lat' dir='ltr'><strong>quum</strong></span> <span class='ocrx_word' id='word_1_299' title='bbox 420 2691 518 2732; x_wconf 83' lang='lat' dir='ltr'><strong>adeo</strong></span> <span class='ocrx_word' id='word_1_300' title='bbox 535 2690 672 2732; x_wconf 88' lang='lat' dir='ltr'><strong>Pollio</strong></span> <span class='ocrx_word' id='word_1_301' title='bbox 690 2692 928 2733; x_wconf 82' lang='lat' dir='ltr'><strong>iamdudum</strong></span> <span class='ocrx_word' id='word_1_302' title='bbox 948 2692 1178 2736; x_wconf 88' lang='lat' dir='ltr'><strong>Consulatu</strong></span> <span class='ocrx_word' id='word_1_303' title='bbox 1195 2697 1374 2747; x_wconf 85' lang='lat' dir='ltr'><strong>abierat,</strong></span> 
     </span>
    </p>

    <p class='ocr_par' dir='ltr' id='par_1_4' title="bbox 17 2756 1374 2826">
     <span class='ocr_line' id='line_1_37' title="bbox 17 2756 1374 2826; baseline 0.01 -30"><span class='ocrx_word' id='word_1_304' title='bbox 17 2756 111 2811; x_wconf 11' lang='lat' dir='ltr'><strong>stilla</strong></span> <span class='ocrx_word' id='word_1_305' title='bbox 131 2773 210 2812; x_wconf 84' lang='lat' dir='ltr'><strong>pax</strong></span> <span class='ocrx_word' id='word_1_306' title='bbox 229 2759 554 2826; x_wconf 76' lang='lat' dir='ltr'><strong>estcompofita,</strong></span> <span class='ocrx_word' id='word_1_307' title='bbox 586 2779 718 2820; x_wconf 80' lang='lat' dir='ltr'><strong>quum</strong></span> <span class='ocrx_word' id='word_1_308' title='bbox 750 2762 898 2814; x_wconf 79' lang='lat' dir='ltr'><strong>Caesar</strong></span> <span class='ocrx_word' id='word_1_309' title='bbox 927 2776 967 2808; x_wconf 85' lang='lat' dir='ltr'><strong>et</strong></span> <span class='ocrx_word' id='word_1_310' title='bbox 1001 2768 1215 2811; x_wconf 88' lang='lat' dir='ltr'><strong>Antonius</strong></span> <span class='ocrx_word' id='word_1_311' title='bbox 1246 2768 1374 2809; x_wconf 88' lang='lat' dir='ltr'><strong>Pom-</strong></span> 
     </span>
    </p>
   </div>
   <div class='ocr_carea' id='block_1_3' title="bbox 1236 2842 1374 2905">
    <p class='ocr_par' dir='ltr' id='par_1_5' title="bbox 1236 2842 1374 2905">
     <span class='ocr_line' id='line_1_38' title="bbox 1236 2842 1374 2905; baseline 0.014 -22"><span class='ocrx_word' id='word_1_312' title='bbox 1236 2842 1374 2905; x_wconf 75' lang='lat' dir='ltr'><strong>peium</strong></span> 
     </span>
    </p>
   </div>
  </div>
 </body>
</html>
