1733 3076
303 130 361 177 42
621 113 670 159 P.
722 110 1077 158 VIRGILII
1129 111 1326 160 VITA

307 221 525 278 (Appian.
545 235 584 275 p.
612 220 736 264 1126.
759 217 848 259 Dio
869 213 1080 270 XLVII,
1113 220 1182 262 28.
1202 219 1218 272 )
1253 234 1352 274 pace
1371 220 1618 266 Brundisi-na
1632 254 1650 278 ‚

304 295 490 337 amicitia
523 294 631 334 inter
654 289 942 332 Offimizmum
961 302 1003 333 et
1023 292 1261 333 Antonium
1285 294 1435 337 iterum
1460 298 1618 340 coaluit
1633 317 1654 350 ς

305 367 356 409 ad
377 379 502 421 quam
523 372 641 404 tanto
653 363 786 419 magis
808 362 1054 405 firmandam
1074 363 1143 405 M.
1163 365 1380 407 Antonius
1396 367 1649 422 06³(au-iam‚

305 437 535 482 Ostauiani
559 437 738 478 sororem
752 467 767 488 ‚
799 437 920 478 cuius
942 437 1116 479 maritus
1137 451 1269 492 nuper
1288 438 1461 490 obierat,
1478 453 1650 485 onrem

301 511 439 552 duxit.
499 508 611 553 Mox
647 521 746 551 cum
776 509 897 552 Sext.
930 510 1182 566 Pompeius,
1215 511 1289 566 qui
1319 511 1509 553 claffibus
1539 527 1652 555 mare

300 585 497 636 tenebat5
527 593 764 625 commeatu
796 584 939 625 vrbem
966 584 1288 635 intercluderet,
1319 585 1427 625 fame
1447 596 1648 641 vrge-nte,
1682 619 1691 629 .

299 655 352 697 de
373 670 472 711 pace
504 669 603 697 cum
635 653 763 696 Sexto
785 658 850 711 agi
885 668 1082 712 coeptum
1102 657 1172 699 est.
1235 655 1324 699 Iam
1360 671 1466 712 quae
1500 673 1550 698 ex
1582 660 1651 700 his

300 730 428 770 huius
447 730 544 770 anni
564 728 665 770 aitis
685 729 734 770 ad
760 725 993 785 Virgilium
1014 730 1275 785 pertineant,
1297 730 1442 784 paullo
1465 732 1651 772 curatius

300 801 528 844 videamus.

356 874 520 917 Perusia
553 884 698 930 capta,
732 883 821 917 tota
855 873 972 915 simul
1010 871 1157 915 Gallia
1192 873 1409 929 Cisalpina
1429 890 1528 916 cum
1548 875 1648 917 reli-

300 949 396 1003 quis
418 947 578 989 Galliis
598 959 640 989 et
670 948 881 1004 Hispaniis
914 949 957 990 in
994 947 1180 988 Caesaris
1216 948 1417 988 ditionem
1451 949 1580 987 venit.
1606 964 1649 990 v.

301 1020 482 1074 Appian.
509 1036 547 1074 p.
577 1034 592 1062 1
606 1035 620 1061 1
635 1034 684 1073 14
703 1030 810 1061 extr.
871 1018 1019 1075 Itaque
1037 1030 1128 1060 tum
1141 1020 1308 1060 demum
1326 1019 1511 1075 Virgilio
1530 1035 1651 1076 agros

301 1091 393 1133 suos
409 1123 421 1142 ,
455 1092 668 1148 postquam
688 1107 758 1134 eos
780 1094 930 1134 iterum
949 1094 1137 1134 amisa-rat
1151 1117 1167 1142 ,-
1197 1092 1404 1133 restitutos
1426 1091 1501 1132 effe
1517 1123 1529 1143 ‚
1554 1107 1648 1133 cre-

300 1166 394 1206 dere
416 1166 530 1206 licet.
594 1165 902 1207 Testificandae
935 1166 1026 1206 suae
1048 1166 1228 1205 laetitiae
1249 1175 1470 1220 grataeque
1493 1164 1648 1204 volun-

299 1240 399 1279 tatis
435 1238 570 1280 caussa
614 1240 657 1279 in
694 1238 796 1280 Vari
830 1238 1029 1278 honorem
1046 1268 1058 1286 ,
1106 1237 1227 1278 cuius
1262 1251 1385 1289 opera
1421 1237 1650 1277 secundum

301 1310 397 1353 Ecl.
422 1311 516 1362 IX,
549 1326 598 1367 27
624 1312 714 1367 sqq.
743 1327 790 1353 ea
819 1325 880 1352 res
903 1311 1080 1364 perfecta
1114 1309 1274 1359 fuerat,
1307 1310 1649 1366 Eclogamstxtam

301 1394 392 1425 mm
439 1385 632 1439 scriptam
679 1384 774 1435 effe,
819 1385 1016 1439 opinatur
1047 1382 1265 1424 Martinus
1305 1383 1401 1439 Life
1429 1385 1478 1438 qs
1518 1381 1656 1435 Virgil

299 1467 341 1510 p.
365 1455 471 1496 LVI
494 1467 534 1496 et
556 1472 595 1510 p.
624 1471 717 1512 149.
794 1455 958 1507 Fuisse,
992 1457 1065 1510 qui
1098 1456 1252 1497 sextam
1289 1456 1480 1496 omnium
1514 1455 1652 1508 primo

298 1528 396 1570 loco
419 1529 609 1583 scriptam
631 1529 706 1570 effe
730 1529 943 1580 dicerent,
976 1528 1175 1570 Donatus
1203 1529 1247 1568 in
1270 1528 1373 1568 Vita
1398 1527 1424 1583 §
1450 1540 1529 1569 102
1551 1541 1649 1568 nar-

299 1602 488 1651 rat;›sed
523 1617 590 1642 eos
620 1602 726 1643 mala
748 1603 870 1658 primi
896 1600 1063 1643 versus:
1098 1602 1240 1643 Prima
1272 1601 1455 1655 Syracofio
1486 1601 1651 1654 dignata

299 1676 350 1730 {st
371 1675 498 1715 ludere
518 1677 631 1733 versu
647 1699 699 1707 —-
715 1676 957 1730 acceptione
990 1675 1184 1716 indud'tos
1219 1674 1335 1715 fuisse
1361 1675 1433 1715 vix
1466 1673 1646 1714 dubites.

299 1747 443 1791 Aliam
480 1749 710 1797 rationem,
744 1763 868 1802 quare
903 1758 1006 1789 ante>
1034 1747 1240 1803 Tityrum
1274 1747 1439 1788 Silenus
1472 1747 1649 1800 scriptus

297 1819 375 1860 esse
395 1821 606 1871 debuerit,
631 1820 835 1862 Catroeus
851 1837 900 1862 ex
921 1837 969 1862 eo
986 1822 1150 1875 petebat
1164 1851 1176 1872 ‚
1201 1822 1400 1875 quonlam
1419 1819 1651 1862 secundum

297 1891 520 1935 Donatum
536 1904 576 1934 et
593 1892 785 1934 Seruium
807 1909 830 1934 a
847 1893 1074 1950 Cytheride
1094 1895 1135 1934 in
1154 1895 1272 1934 scena
1288 1892 1494 1935 Cicerone
1512 1892 1648 1934 adhuc

298 1959 488 2006 audiente
509 1981 555 2006 ea
578 1967 746 2007 recitata
767 1967 906 2007 fuerit.
968 1966 1038 2007 Sic
1060 1981 1149 2006 eam
1172 1976 1267 2006 ante
1289 1981 1324 2006 a.
1351 1980 1426 2020 711
1457 1979 1541 2019 quo
1567 1963 1648 2005 Ci-

297 2052 391 2078 cero
408 2052 457 2078 ex
480 2039 778 2092 proscriptione
802 2039 1042 2080 intci-fed‘cus
1059 2038 1113 2079 est
1128 2070 1141 2089 ‚
1163 2038 1316 2079 editam
1335 2037 1470 2087 fuisse,
1491 2035 1646 2077 necesse

296 2109 405 2151 ess'et.
468 2112 529 2151 At
561 2111 609 2151 de
643 2110 850 2153 Cicerone
883 2112 1000 2153 illam
1036 2111 1242 2167 Eclogam
1274 2111 1435 2151 recitari
1458 2110 1657 2159 audiente„

295 2184 464 2239 explosa
481 2185 562 2224 iam
585 2185 702 2238 supra
722 2185 770 2225 ad
789 2184 950 2227 Donat.
977 2185 1000 2241 §
1023 2200 1072 2239 41
1099 2184 1154 2225 est
1176 2184 1331 2225 fabula.

354 2258 422 2298 Ad
445 2257 689 2298 firmandam
714 2272 855 2312 pacem
883 2257 1091 2299 Brundisii
1130 2259 1236 2299 inter
1257 2256 1472 2299 Caesarem
1501 2264 1542 2295 et
1574 2253 1644 2295 M.

296 2328 532 2371 Antonium
550 2329 701 2372 faStam
720 2328 945 2371 Octauiam
961 2330 1151 2371 Antonio
1165 2331 1208 2370 in
1230 2329 1545 2370 matrimonium
1568 2328 1644 2368 da-

297 2411 381 2444 tam
402 2403 478 2443 effe
499 2404 697 2445 diximus.
720 2419 761 2444 v.
786 2401 875 2444 Dio
898 2400 1130 2451 XLVIII,
1155 2415 1221 2457 31.
1256 2401 1440 2455 Appian.
1467 2416 1508 2454 p.
1538 2401 1647 2443 1126

298 2476 388 2530 sqq.
450 2475 553 2517 Erat
590 2488 727 2518 autem
755 2475 941 2519 Offlauia
961 2490 982 2515 e
1010 2476 1142 2529 priore
1171 2474 1319 2515 marito
1337 2504 1350 2523 ,
1384 2471 1438 2513 C.
1463 2472 1648 2515 Claudio

296 2547 507 2591 Marcello
523 2582 534 2601 ‚
568 2551 738 2607 grauida
753 2583 766 2602 ,
799 2558 844 2590 vt
859 2546 947 2590 Dio
968 2546 996 2587 l.
1017 2547 1044 2586 l.
1070 2555 1283 2586 memorat.
1346 2545 1482 2587 Cuius
1500 2546 1644 2586 lauda-

296 2622 464 2663 tissimae
486 2623 690 2674 feminae,
728 2624 798 2679 (de
820 2637 902 2678 qua
933 2636 973 2663 v.
1008 2619 1203 2676 Baylium
1220 2651 1232 2671 ‚
1266 2635 1342 2660 nec
1364 2634 1449 2660 non
1481 2618 1645 2660 Froeli-

295 2694 439 2733 chium
463 2695 503 2734 in
527 2694 726 2736 Mantiss‘a
748 2693 959 2736 Numism.
994 2706 1069 2731 rar.
1106 2691 1148 2731 in
1173 2689 1298 2732 Gorii
1323 2691 1535 2748 Symbolis
1557 2691 1641 2732 litt.

295 2764 358 2807 T.
379 2764 467 2806 VII
492 2782 531 2821 p.
560 2780 652 2822 123.
680 2767 747 2808 vbi
766 2765 933 2808 Tiberii
951 2765 1135 2808 Caesaris
1154 2780 1305 2809 numus
1322 2780 1419 2807 cum
1438 2763 1645 2808 Getauiae

1600 2844 1648 2881 ct
