1733 3076
309 91 391 146 338
538 89 585 131 Ρ.
612 91 836 132 VIRG1L11
862 88 1093 131 MARoms
1117 84 1398 137 GeormrcA.
1474 92 1600 144 =,Li'b.
1623 88 1668 158 3.

311 191 528 234 Invertiss'e
550 192 718 248 gravis?
753 193 871 247 atqui
893 208 978 233 non
1001 191 1174 235 Maffica
1197 192 1362 237 Bacchi

314 265 520 315 lstunera,
555 279 641 305 non
664 264 748 306 illis
769 266 916 320 epulae
938 281 1120 307 nocuere
1141 266 1323 322 repostae
1343 284 1353 311 :

314 336 554 378 Frondibus
576 349 617 379 et
637 341 750 381 vicitu
775 340 1002 394 pascuntur
1023 339 1221 395 simplicis
1243 341 1392 384 herbae
1411 357 1420 384 τ

312 410 473 452 Pocula
494 412 590 453 sunt
611 413 748 455 fontes
771 414 942 470 liquidi,
976 425 1101 470 atque
1120 416 1305 457 exercita
1326 417 1450 460 cursu
1560 463 1568 466 ,

311 484 529 538 Flumina,
563 502 640 529 nec
664 489 828 530 somnos
850 489 1064 543 abrumpit
1086 503 1186 529 cura
1207 488 1404 531 salubres.
1593 505 1683 552 530

310 557 529 614 Tempore
550 576 635 602 non
658 561 740 601 alio
762 560 913 601 dicunt
935 561 1182 617 regionibus
1205 561 1291 603 illis

312 630 531 687 Qaaesitas
551 632 600 672 ad
625 632 736 673 sacra
754 632 880 673 boves
901 631 1106 687 Junonis,
1137 642 1179 674 et
1200 632 1286 675 uris

310 703 534 760 Inparibus
557 705 705 748 duitos
727 706 810 747 alta
831 705 880 746 ad
902 705 1076 747 donaria
1098 721 1260 748 currus·

310 777 427 836 Ergo
447 794 565 836 aegre
586 779 721 821 rastris
743 791 894 820 terram
916 779 1141 830 rimantur,
1173 789 1215 821 et
1237 779 1332 835 ipsis

311 851 542 909 Unguibus
565 854 783 895 infodiunt
804 854 963 909 fruges,
996 853 1235 909 montisque
1256 869 1328 908 per
1349 854 1457 899 altos
1592 870 1678 917 535

307 923 524 970 Contenta
545 928 708 969 cervice
730 926 907 968 trahunt
929 926 1144 968 stridentia
1163 927 1362 983 plaustra.

307 998 414 1041 Non
437 1000 561 1055 lupus
585 1000 749 1042 infidias
770 999 962 1055 explorat
981 1000 1113 1041 ovilia
1134 1002 1313 1054 circum,

307 1070 404 1113 Nec
427 1074 622 1129 gregibus
646 1073 879 1114 n0&urnus
901 1073 1148 1115 obambulat
1168 1089 1177 1114 t
1213 1076 1348 1117 acrior
1371 1075 1493 1119 illum

308 1144 426 1187 Cura
447 1147 589 1187 domat
609 1161 619 1187 t
653 1147 791 1188 timidi
815 1147 958 1188 damae
980 1148 1178 1203 cervique
1199 1148 1370 1205 fugaces

305 1217 442 1273 Nunc
465 1220 659 1276 interque
680 1234 804 1261 canes
822 1229 864 1260 et
884 1221 1047 1264 circum
1068 1220 1177 1261 tedia
1199 1231 1423 1277 vagantur.
1591 1236 1677 1282 540

304 1290 403 1346 [Jam
425 1295 552 1334 maris
574 1294 745 1335 inmensi
770 1294 948 1349 prolem,
980 1304 1021 1335 et
1044 1308 1177 1351 genus
1198 1309 1323 1336 omne
1343 1304 1570 1339 natantum

304 1364 452 1408 Litore
474 1369 518 1410 in
539 1379 742 1420 extremo,
776 1383 854 1409 ceu
875 1368 1080 1424 naufraga
1100 1382 1290 1423 corpora,
1324 1369 1477 1411 fluEtus

303 1437 494 1481 Proluit:
530 1441 722 1482 insolitae
743 1442 916 1498 fugiunt
938 1442 980 1482 in
1003 1442 1178 1483 fiumina
1200 1443 1377 1497 phocae.

304 1511 456 1554 interit
476 1525 518 1556 et
539 1517 678 1557 curvis
699 1515 846 1557 frustra
868 1514 1032 1556 defensa
1053 1514 1225 1556 latebris

303 1584 479 1640 Vipera,
510 1597 552 1628 et
573 1588 752 1629 adtoniti
776 1589 957 1644 squamis
979 1573 1237 1632 adstantibus
1258 1590 1395 1648 hydri.
1587 1603 1673 1648 545

301 1649 405 1714 Ϊρὶἱε
425 1660 482 1701 est
505 1666 570 1703 aer
592 1663 739 1704 avibus
762 1677 847 1704 non
871 1677 1048 1718 aequus,
1081 1673 1122 1703 et
1144 1662 1241 1703 illae

302 1729 556 1787 Praecipites
578 1735 662 1774 alta
683 1736 810 1776 vitam
836 1737 908 1777 sub
930 1737 1045 1777 nube
1066 1737 1332 1791 relinquunt.

301 1804 515 1848 Praeterea
530 1808 620 1863 jam
643 1822 719 1848 nec
742 1808 894 1848 mutari
918 1808 1071 1862 pabula
1092 1810 1234 1861 refert,

301 1880 609 1936 Qaefitaeque
633 1891 788 1921 nocent
810 1890 917 1921 artes
939 1896 948 1923 z
983 1881 1132 1924 cessere
1154 1882 1337 1940 magistri

296 1953 550 2010 Phillyrides
573 1952 737 1995 Chiron
760 1955 1157 2011 Amythaoniusque
1184 1955 1447 2012 Melampus,
1583 1971 1671 2014 550

296 2025 440 2075 Saevit
461 2039 501 2068 et
526 2030 565 2068 in
590 2029 728 2069 lucem
752 2027 910 2084 Stygiis
931 2027 1072 2069 emissa
1094 2030 1276 2071 tenebris

300 2101 462 2144 Pallida
485 2101 741 2157 Tisiphone,
774 2100 958 2143 Morbos
980 2103 1066 2158 agit
1088 2111 1184 2143 ante
1205 2101 1482 2158 Metumque,

351 2212 442 2264 653.
479 2211 559 2251 The
579 2213 670 2264 «ῑυὶζγ
697 2212 828 2266 woff]
878 2212 1050 2251 Observe
1080 2212 1185 2250 these
1209 2211 1496 2251 circumstances
1523 2211 1574 2250 of
1602 2212 1676 2252 thev

298 2266 436 2303 wolves
457 2266 646 2319 piowling
666 2280 716 2305 no
736 2280 855 2311 more,
886 2265 1044 2305 because
1072 2270 1191 2305 acrior
1209 2265 1309 2305 illum
1326 2281 1412 2305 cura
1431 2268 1564 2310 domat,
1589 2266 1667 2305 and

298 2318 362 2356 the
383 2319 470 2357 dees
491 2333 516 2356 v
516 2320 716 2372 andering
731 2333 821 2358 near
840 2320 904 2357 the
923 2319 1125 2371 dwellings
1145 2318 1193 2357 of
1205 2332 1307 2357 men.

320 2372 439 2425 657.
473 2373 531 2410 On
550 2374 747 2423 thefhores.
755 2374 771 2424 ]
820 2373 965 2424 Virgil,
996 2372 1057 2410 'tis
1078 2372 1207 2410 observ
1210 2372 1274 2417 ed,
1304 2370 1492 2422 expressly
1511 2382 1664 2410 contra-

296 2423 391 2515 dffi‘ts
410 2424 607 2471 Aristode,
627 2427 713 2466 who
733 2427 875 2471 affertS,
894 2427 978 2465 that
995 2425 1225 2478 pestilential
1244 2425 1401 2464 diseales
1421 2437 1535 2462 never
1553 2424 1665 2463 affe&

291 2476 316 2517 fi
361 2491 413 2516 es.

348 2533 441 2571 661.
473 2531 544 2570 Th’
563 2531 918 2592 astonifilh'dhydra]
963 2533 983 2570 I
1011 2531 1126 2570 know
1154 2541 1222 2570 not
1248 2545 1270 2570 a
1289 2530 1485 2583 stronger
1474 2544 1603 2583 1mage
1621 2530 1672 2569 in'.

293 2595 369 2634 any
389 2595 477 2635 poet
497 2586 703 2630 whatever,
734 2585 826 2622 than
847 2585 921 2624 this
941 2585 988 2623 of
1015 2586 1078 2623 the
1098 2585 1263 2636 serpents
1289 2585 1409 2636 dying
1440 2584 1534 2622 with
1563 2583 1664 2623 their

293 2634 409 2674 scales
429 2639 528 2676 ere&
549 2639 626 2677 and
645 2637 845 2676 stiffened:
889 2643 1037 2677 attonzti
1067 2639 1211 2688 (which
1239 2638 1270 2675 is
1299 2651 1322 2674 a
1349 2637 1440 2675 most
1464 2637 1671 2690 expreffive.

293 2689 427 2729 word
418 2704 455 2727 m
478 2691 555 2728 this
574 2692 701 2742 place)
721 2692 882 2742 sqtcamis
900 2692 1099 2743 astantibus
1126 2692 1261 2741 hydri!
1665 2707 1667 2710 ¹

345 2743 434 2780 The
465 2755 552 2794 poet
586 2744 715 2796 brings
747 2746 832 2781 into
863 2744 922 2783 his
949 2745 1092 2794 subje&
1127 2746 1189 2781 the
1224 2743 1458 2781 irhabitants
1480 2743 1525 2780 of
1549 2755 1663 2794 every

289 2795 475 2885 {lemma
507 2796 668 2849 making
688 2809 725 2834 as
746 2796 777 2835 it
798 2810 892 2837 were
913 2797 963 2836 all
984 2807 1120 2837 nature
1141 2797 1297 2837 affeeted
1317 2797 1411 2838 with
1431 2796 1504 2837 this
1525 2794 1660 2835 dsead-

310 2849 345 2886 ul
367 2850 524 2902 plague.
