1733 3076
262 118 318 161 52
599 92 1062 143 P.V1RG1L11
1107 82 1303 136 VITA

268 205 432 249 ferenda
458 202 622 259 pelleffi
650 202 814 242 fuerant
842 198 906 240 isti
934 197 1102 252 populi,
1135 211 1220 251 quo
1241 196 1400 236 saecum
1420 194 1497 236 effe
1518 194 1638 237 vide-

271 292 368 334 tur,
400 289 445 322 vt
466 279 510 320 in
531 276 633 318 fines
655 273 871 315 Romanos
899 269 1057 312 infestis
1086 283 1185 310 mox
1213 268 1336 310 armis
1358 269 1636 310 incurrerent.

812 386 872 428 V.
907 384 962 427 C.
997 385 1094 442 726.

495 463 639 521 Caesar
659 461 902 505 Ostauianus
924 459 996 503 VI.
1059 458 1130 500 M
1156 455 1336 512 Agrippa
1358 456 1421 498 II«

706 551 744 575 a.
769 534 815 573 C.
840 534 911 575 28-
963 531 1129 586 Virgilii
1149 535 1214 587 ἓξ.

338 621 552 678 Apollinis
587 620 630 660 i'n
663 619 824 661 Palatio
854 620 1057 674 templum
1085 634 1180 661 cum
1203 617 1463 660 bibliotheca
1494 614 1646 657 Caesar

281 697 453 755 perfecit
492 703 533 735 et
569 693 793 734 dedicauit.
869 691 1011 734 Ludos
1045 693 1244 734 Affiacos
1279 688 1644 747 quinquennales,

281 780 450 827 propter
466 767 682 810 vietoriam
696 766 915 807 Adliacam
933 764 1014 806 iam
1032 766 1327 807 antedecretos
1339 796 1352 815 ,
1370 778 1468 805 cum
1485 762 1647 818 Agrip-

283 859 336 900 pa
355 841 561 884 exhibuit.
625 838 759 880 Tunc
777 839 966 895 gymnici
989 853 1157 894 quoque
1176 838 1264 879 ludi
1286 837 1367 879 affl
1385 837 1496 877 sunt.
1556 832 1649 878 Dio

283 915 426 967 LIII,
455 930 491 959 1.

343 988 435 1029 Hos
479 986 601 1027 ludos
639 982 905 1025 adumbrauit
939 992 1057 1037 poeta
1089 983 1162 1024 sub
1193 983 1271 1033 iis,
1317 996 1422 1037 quos
1464 979 1654 1022 Aeneam

285 1063 406 1104 suum
429 1060 530 1101 facit
553 1058 763 1099 instituere
785 1057 893 1098 Aen.
918 1055 986 1096 III
1003 1087 1016 1106 ‚
1050 1057 1145 1099 280.
1181 1055 1372 1109 Affliaque
1400 1053 1533 1095 Iliacis
1554 1050 1650 1094 cele·-

285 1137 444 1180 &ramus
464 1134 599 1175 littora
618 1132 736 1174 ludis.
799 1130 989 1172 Exercent
1004 1128 1161 1185 patrias
1181 1129 1253 1170 oleo
1274 1128 1420 1169 labente
1437 1126 1654 1183 palaestras

289 1205 575 1265 Nudatisocii.

830 1259 888 1301 V.
924 1259 977 1302 C.
1013 1274 1110 1316 727.

481 1335 636 1392 Coeefizr
657 1335 899 1378 Offiauianus
923 1334 1018 1378 VII.
1081 1333 1152 1375 M.
1178 1332 1358 1388 Agrippa
1379 1330 1466 1373 III.

707 1424 746 1450 α.
778 1408 824 1448 C.
850 1421 919 1464 27.
984 1406 1151 1461 Virgilii
1172 1407 1236 1459 {1}-

351 1501 496 1559 Caesar
530 1515 577 1541 ex
609 1508 697 1541 ante
737 1498 835 1538 diem
874 1494 982 1538 XVI
1001 1495 1093 1536 Kal.
1118 1495 1359 1546 Februarii,
1380 1490 1576 1552 fintentia
1602 1492 1655 1535 L.

293 1574 482 1618 M'unatii
502 1572 668 1622 Planci,
700 1587 725 1613 a
736 1571 879 1628 senatu
900 1568 1101 1625 ceterisque
1121 1568 1269 1609 ciuibus
1290 1566 1504 1623 Augustus
1525 1565 1658 1621 appel-

295 1649 397 1690 latus
431 1648 506 1703 est,
527 1647 609 1703 sese
632 1641 863 1702 septimum,
894 1652 930 1683 et
965 1640 1034 1682 M.
1073 1640 1252 1697 Vipfhnio
1286 1638 1467 1695 Agrippa
1501 1636 1664 1680 tertium

297 1720 539 1778 Cotficlibus.
605 1716 859 1758 Censorinus
893 1730 931 1756 c.
963 1727 1032 1757 22.
1061 1730 1099 1755 v.
1138 1711 1227 1754 Dio
1257 1708 1395 1762 LIII,
1435 1712 1486 1753 16
1521 1706 1665 1766 ibique

298 1792 465 1834 Fabric.
530 1789 706 1832 Romuli
740 1803 892 1830 nornen
925 1803 948 1828 a
980 1787 1198 1828 nonnullis
1232 1783 1509 1841 propositum,
1540 1791 1582 1824 et
1611 1781 1665 1823 ab

299 1867 388 1921 ipso
408 1864 602 1920 Augusto
624 1877 872 1919 magnopere
895 1860 971 1902 esse
993 1860 1223 1915 appetitum
1238 1889 1251 1910 ‚
1284 1858 1379 1898 satis
1410 1855 1585 1898 constat.
1618 1870 1661 1897 v.

300 1937 390 1981 Dio
412 1938 514 1980 ibid.
565 1935 736 1977 Sueton.
761 1936 875 1991 Aug.
901 1950 940 1991 7.
1005 1932 1152 1988 Itaque
1176 1930 1337 1972 versum
1359 1925 1444 1971 Ge.
1469 1925 1567 1978 III,
1594 1939 1665 1983 27.

301 2012 534 2068 vic‘iorispue
560 2025 672 2051 arma
697 2009 871 2067 Qtirini
901 2008 1002 2048 hinc
1035 2003 1390 2059 interpretandum
1421 1999 1496 2042 effe
1525 1999 1668 2042 existi-

302 2095 418 2127 mant
439 2085 515 2126 viri
537 2083 678 2133 dorsti3
711 2083 822 2138 quod
846 2080 873 2122 fi
895 2080 1005 2121 reRe
1035 2079 1225 2127 faciunt,
1255 2085 1371 2131 patet
1399 2084 1442 2117 et
1473 2087 1527 2118 ex
1557 2074 1668 2127 hoc,

303 2156 516 2214 Georgica
557 2157 710 2207 serius,
758 2170 883 2211 quam
920 2167 1005 2209 724
1040 2151 1252 2202 absoluta,
1298 2149 1441 2191 saltem
1478 2147 1592 2190 edita
1628 2156 1673 2189 et

302 2231 476 2287 vulgata
492 2227 625 2269 fuisse.
692 2227 891 2282 Namque
914 2226 1018 2268 illud
1039 2224 1342 2266 nonnullorum
1363 2231 1671 2268 commentum,

305 2305 356 2344 de
386 2301 567 2344 versibus
596 2302 719 2342 serius
750 2310 791 2341 et
829 2299 1008 2341 secunda
1039 2298 1180 2353 aliqua
1212 2293 1443 2336 recensione
1479 2293 1674 2344 insertis,

309 2376 420 2431 quod
454 2375 560 2415 forte
590 2388 641 2414 ex
673 2372 848 2414 Donato
881 2370 906 2426 ᾗ
939 2383 993 2424 50
1015 2370 1193 2424 petitum
1222 2367 1303 2418 est,
1336 2381 1421 2407 non
1449 2365 1676 2408 admodum

309 2447 544 2503 probamus.
607 2445 703 2485 Nec
739 2443 949 2484 Harduin'r
972 2442 1130 2482 somnia
1150 2455 1225 2482 nos
1248 2439 1477 2491 tenebunt,
1510 2453 1608 2480 cum
1630 2438 1675 2479 in

308 2519 507 2572 reliquis,
541 2527 631 2557 tum
661 2518 704 2557 in
737 2517 817 2566 iis,
850 2529 954 2570 quae
975 2529 1026 2555 ex
1053 2523 1287 2568 temporum
1308 2512 1499 2569 angustia
1528 2521 1678 2555 contra

310 2590 508 2631 Aeneidis
530 2604 552 2629 a
574 2588 761 2644 Virgilio
785 2589 1018 2642 susceptum
1039 2602 1143 2642 opus
1165 2586 1347 2641 disputat
1371 2587 1413 2627 in
1435 2585 1677 2644 Pseudouir-

306 2662 405 2718 gilio
445 2662 573 2714 (inter
595 2660 739 2714 Opera
760 2661 872 2701 varia
894 2675 933 2714 p.
958 2658 1082 2712 280).
1145 2657 1276 2698 Talia
1307 2657 1521 2710 refellere,
1553 2656 1679 2700 nostri

311 2735 389 2778 otii
406 2748 492 2776 non
509 2732 578 2774 cst.
630 2731 724 2774 Post
746 2734 826 2775 hoe
850 2734 989 2787 itaque
1006 2742 1168 2787 tempus
1191 2731 1316 2773 etiam
1339 2730 1409 2774 ille
1430 2731 1548 2775 locus
1565 2731 1677 2772 Aen.

1581 2799 1678 2855 VI,
