1733 3076
283 54 427 98 PER
473 50 740 97 ANNos
790 48 1157 106 D1GEsfrA.
1329 65 1384 111 4⁷

42 177 163 213 nona,
195 170 235 202 et
259 174 338 217 717
363 160 505 202 decima
533 158 683 201 vltimo
710 157 805 199 loco
836 156 984 211 scripta
1006 157 1114 210 fuit3
1145 166 1192 199 vt
1210 156 1310 199 adeo
1336 157 1388 199 ad

43 235 240 290 temporis
263 234 466 274 rationem
485 233 587 274 ordo
609 230 677 272 hie
700 229 895 272 constitui
917 231 1022 272 forte
1043 232 1160 285 poffit
1175 245 1189 272 :

158 320 175 348 1
202 305 364 362 Ecloga
395 304 456 346 II.
825 304 852 346 6
873 303 1036 362 Ecloga
1054 303 1138 346 VI.

158 393 183 422 2
249 401 304 410 .-.
393 376 477 419 ΠΙ,
824 389 847 430 7
908 397 966 407 —
1052 373 1134 417 IV.
1213 390 1311 433 714·

158 467 183 508 3
247 477 318 495 -,
389 449 449 491 V.
822 447 847 489 8
905 469 962 478 --
1050 445 1179 490 VIII.
1214 462 1313 507 715.

155 540 184 579 4
251 547 304 555 -
389 520 427 564 I.
462 534 557 578 713.
823 533 850 576 9
910 539 965 552 --
1052 517 1161 561 VII.

159 613 182 653 5
248 621 306 630 -—
392 596 477 637 IX.
508 594 600 637 eod.
802 606 854 635 10
911 614 968 624 —-
1056 591 1116 634 X.
1211 606 1310 650 717.

100 671 287 713 Laudata
307 669 348 711 et
375 668 661 710 commendata
685 667 780 708 sunt
802 665 978 722 Virgilii
1001 665 1204 707 Bucolica
1232 666 1313 707 iam
1335 666 1386 709 ab

44 746 94 786 iis
116 744 206 799 ipsis
229 743 377 798 poetis,
400 742 472 797 qui
494 741 634 783 eadem
655 749 785 782 aetate
803 739 1017 782 viuebant.
1080 737 1319 792 Propertius
1336 739 1386 780 ad

41 833 183 859 eorum
204 827 446 873 argumenta
466 815 616 856 alludit
638 813 708 854 El.
732 809 804 863 II,
837 826 913 868 34,
938 812 989 867 67
1014 812 1102 866 sqq.
1136 812 1230 852 vbi:
1267 811 1388 867 thue

41 894 160 932 decem
185 889 319 946 pqffint
349 899 585 944 corrumpere
616 886 720 927 mala
750 885 936 941 puellam,
970 883 1117 940 Ml'ffiss
1148 894 1183 924 et
1207 885 1388 940 imprffs

36 964 181 1006 haedus
200 965 248 1004 ab
268 961 462 1002 vberibus.
515 958 650 1007 Felix,
675 956 741 1011 qm'
761 956 856 998 viles
872 957 994 1011 pomis
1014 958 1196 998 mercaris
1212 958 1386 998 amores!

42 1036 153 1078 Huic
171 1036 257 1077 licet
276 1036 455 1089 ingratae
479 1030 636 1084 Tityrus
657 1029 733 1086 ipse
752 1039 866 1069 canat
891 1030 932 1068 h.
958 1030 1056 1070 huic
1081 1030 1264 1084 puellae,
1289 1030 1388 1071 licet

40 1122 88 1148 ea
109 1108 268 1162 ingrata
285 1104 356 1156 fit,
380 1119 476 1145 cum
493 1114 631 1144 tamen
648 1117 803 1143 amores
821 1102 907 1142 eius
927 1112 1010 1143 tam
1028 1118 1156 1156 paruo
1172 1113 1388 1150 emantur,

42 1181 123 1236 ipse
144 1180 326 1236 Tityrus
348 1186 495 1227 canat,
527 1175 598 1231 qui
632 1173 852 1216 Galateam
879 1177 1066 1226 amabat,
1099 1175 1218 1216 nullo
1240 1177 1288 1216 ad
1311 1192 1385 1230 pe-

41 1253 201 1294 culium
220 1252 455 1312 fructu‚‘t
471 1248 566 1290 Ecl.
592 1246 637 1299 I,
664 1263 710 1304 31
734 1249 819 1303 sqq.
883 1249 994 1290 Felix
1010 1250 1197 1290 intaAJum
1216 1250 1386 1304 Corydon

40 1327 109 1382 qui
124 1335 245 1366 tentat
261 1323 400 1365 Alexin
418 1321 617 1377 Agricolae
630 1322 772 1362 domini
787 1332 941 1377 carpere
954 1322 1122 1363 delicias.
1186 1323 1386 1381 ‚Quamuis

41 1399 107 1440 ille
120 1401 235 1457 fitam
256 1399 367 1454 lffcs
388 1396 594 1454 requiescat
613 1411 773 1436 auenam
807 1396 958 1451 (igitur
985 1404 1075 1435 tum
1097 1394 1263 1437 desierat
1284 1396 1385 1437 scri-

41 1472 135 1511 bere
157 1469 380 1523 Bucolica)
401 1469 611 1510 Laudatur
619 1469 762 1526 faciles
779 1469 881 1509 inter
897 1468 1206 1522 Hamadryades.
1269 1468 1385 1510 Oui-

40 1545 134 1585 dius
155 1555 289 1584 autem
312 1543 410 1583 Am.
436 1540 482 1592 I,
510 1555 557 1595 15
575 1572 588 1591 ,
612 1554 681 1595 25.
706 1540 882 1594 Tityrum
903 1541 1072 1592 laudat,
1093 1552 1133 1582 et
1155 1540 1287 1593 Trist,
1311 1539 1385 1593 II,

42 1629 140 1672 537.
165 1615 354 1672 Phyllidis
373 1614 434 1655 hic
449 1613 545 1654 idem
568 1613 779 1670 tenerosque
799 1612 1050 1667 Amaryllidis
1071 1614 1175 1669 ignes
1196 1613 1386 1658 Bucolicis

39 1690 190 1731 iuuenis
208 1688 351 1744 lustrat
369 1695 458 1726 ante
476 1685 608 1726 modis.

98 1762 192 1802 Hoc
218 1761 342 1800 etiam
369 1773 478 1799 anno
498 1756 758 1798 Maecenatis
786 1756 888 1798 iuffu
914 1757 1146 1814 Virgilium
1173 1757 1387 1815 Georgica

39 1835 229 1875 exorsum
245 1833 342 1882 esse,
367 1831 603 1872 communis
618 1830 674 1871 est
688 1831 833 1885 opinio
847 1861 859 1881 ,
883 1846 1004 1885 quam
1025 1841 1182 1881 tamen,
1206 1830 1233 1872 fi
1251 1831 1383 1872 mole-

40 1907 136 1949 stior
150 1905 216 1956 fis,
239 1920 322 1946 non
338 1905 458 1946 facile
472 1903 545 1945 nisi
563 1902 949 1946 Grammaticorum
960 1904 1202 1944 auctoritate
1220 1905 1383 1958 probes.

98 1978 166 2020 De
199 1988 380 2032 tempore
409 1977 583 2018 absoluti
616 1978 750 2032 operis·
782 1978 924 2032 paullo
956 1978 1107 2017 certior
1139 1978 1259 2018 nobis
1285 1976 1386 2019 fides

41 2053 88 2094 fit
103 2068 152 2093 ex
165 2050 471 2107 Georgicorum
487 2061 590 2091 extr.
605 2051 704 2092 vers.
722 2067 762 2091 v.
777 2051 823 2090 ad
839 2065 936 2107 724.
962 2050 1025 2092 Eo
1039 2050 1210 2091 consilio
1224 2060 1387 2105 poetam

40 2126 88 2167 de
119 2140 159 2166 rc
182 2124 328 2165 rustica
358 2138 522 2164 carmen
553 2123 792 2174 condidisse,
823 2136 869 2165 vt
897 2125 1117 2164 hominurn
1147 2124 1307 2164 animos
1337 2123 1384 2162 ad

39 2214 231 2255 agrorum
265 2198 429 2238 cultum
464 2212 532 2251 per
567 2196 675 2236 bella
707 2195 851 2235 ciuilia
883 2195 1117 2251 neglectum
1147 2205 1386 2245 reuocaret,

40 2271 149 2312 docti
171 2271 247 2311 viri
271 2261 518 2321 coniiciunt.
556 2284 596 2309 v.
616 2270 794 2324 Argum.
820 2267 1071 2325 Georgicor.

95 2343 250 2384 Eodem
287 2357 394 2382 aimo
416 2342 465 2382 ab
503 2342 714 2396 Agrippa,
755 2351 800 2382 vt
828 2356 970 2381 recens
991 2340 1224 2381 aedificatae
1245 2339 1383 2381 class'es

39 2425 177 2458 tutum
203 2426 412 2470 receptum
443 2415 640 2454 haberent
656 2445 668 2465 ,
699 2415 792 2455 lacu
815 2415 986 2454 Auerno
1006 2424 1046 2453 et
1077 2413 1262 2454 Lucrino
1283 2428 1382 2454 cum

41 2489 142 2529 mari
162 2488 370 2528 commisso
385 2519 398 2539 ,
434 2499 574 2543 portus
597 2486 732 2528 Iulius
755 2488 886 2528 faCtus
910 2487 988 2537 est,
1011 2488 1059 2527 de
1080 2503 1164 2542 quo
1186 2503 1223 2528 v.
1250 2488 1381 2541 inpri-

38 2561 117 2601 mis
138 2562 241 2614 apud
264 2561 447 2602 Dionem
476 2559 703 2611 XLVIII,
728 2575 794 2615 50.
823 2575 888 2615 51.
963 2561 1100 2601 Huius
1121 2560 1254 2615 operis
1278 2559 1378 2600 Vir-

37 2634 163 2689 gilius
199 2636 387 2674 meminit
417 2631 500 2675 Ge.
527 2632 597 2686 II,
634 2635 705 2676 161
735 2659 786 2666 -—-
813 2636 892 2688 1ξ).-«τ
926 2634 988 2675 An
1025 2650 1216 2677 memorem
1244 2643 1380 2688 portus

37 2707 282 2762 Lucrinaque
301 2707 435 2750 addita
455 2708 622 2763 clazssra
641 2720 721 2749 etc.
1304 2756 1309 2762 .

1166 2779 1389 2824 Antonius*
