1733 3076
311 67 398 125 256
539 64 588 107 P.
614 63 841 105 Vmeuu
865 59 1098 101 MAnoms
1120 57 1398 103 GEORcrcA.
1489 59 1589 104 Lib.
1612 75 1657 107 2.

305 171 478 214 'Indicio
498 167 571 218 est,
604 165 737 206 traetu
760 164 928 219 surgens
949 161 1118 203 oleaster
1138 163 1283 203 eodem

309 244 540 291 Plurimus,
570 248 612 279 et
632 237 743 278 strati
767 235 904 276 baccis
925 233 1171 275 silvestribus
1193 235 1296 290 agri.

310 318 373 359 At
393 327 497 370 quae
518 310 685 366 pinguis
707 309 878 358 humus,
907 306 1106 361 dulcique
1126 305 1289 362 uligine
1308 305 1433 358 laeta,

311 389 488 444 Qique
509 385 703 438 frequens
721 381 858 422 herbis
879 390 919 421 et
940 379 1086 421 fertilis
1108 379 1232 419 ubere
1252 393 1443 434 campus,

310 459 497 516 Qalem
519 457 632 511 saepe
653 468 753 496 cava
774 453 929 494 montis
950 451 1140 493 convalle
1165 452 1343 493 solemus

310 533 554 587 Dispicere:
588 529 672 569 huc
695 527 863 568 summis
885 526 1107 581 liquuntur
1128 527 1299 580 rupibus
1321 541 1480 577 amnes,

310 605 579 658 Felicemque
600 600 778 642 trahunt
797 598 946 638 limum
967 612 976 638 ;
1010 597 1168 651 quique
1189 598 1324 638 editus
1345 597 1515 648 Austro,

310 679 372 722 Et
392 677 546 719 filicem
566 673 704 716 curvis
726 671 899 712 invisam
921 670 1051 725 pascit
1069 670 1213 710 aratris
1234 684 1244 711 :

313 750 400 792 Hic
420 749 498 790 tibi
520 745 772 802 praevalidas
793 744 895 785 olim
915 743 1135 797 multoque
1156 743 1330 784 fluentes

314 823 504 865 Sufficiet
524 820 683 866 baccho
704 819 801 859 vitis
822 831 831 857 1
870 818 938 857 hic
960 816 1111 858 fertilis
1133 831 1253 868 uvae,

313 897 398 937 Hic
421 894 575 943 laticis,
608 892 778 946 qualem
800 892 957 945 pateris·
972 891 1152 932 libamus
1172 901 1213 932 et
1232 905 1350 941 auro,

311 967 484 1016 Inflavit
504 980 601 1007 cum
622 966 789 1022 pinguis
809 965 911 1004 ebur
932 963 1183 1020 Tyrrhenus
1205 965 1252 1004 ad
1276 978 1381 1015 aras,

314 1040 530 1083 Lancibus
550 1049 592 1080 et
613 1039 756 1093 pandis
779 1037 986 1078 fumantia
1006 1036 1214 1077 reddimus
1235 1046 1345 1078 exta.

315 1113 394 1156 Sin
415 1122 601 1155 armenta
621 1113 752 1167 magis
773 1110 955 1152 studium
975 1111 1211 1164 vitulosque
1233 1110 1357 1160 tueri,

314 1187 408 1228 Aut
430 1185 563 1226 foetus
584 1184 744 1233 ovium,
767 1193 839 1223 aut
860 1185 1018 1230 urentis
1043 1184 1158 1224 culta
1177 1183 1383 1236 capellas:

314 1258 476 1309 Saltus,
506 1266 548 1297 et
568 1257 692 1304 saturi
715 1257 846 1311 petito
866 1256 1099 1313 longinqua
1120 1255 1317 1306 Tarenti,

317 1331 377 1373 Et
396 1330 562 1386 qualern
584 1327 733 1371 infelix
759 1327 892 1370 amifit
912 1327 1094 1368 Mantua
1115 1343 1327 1382 campum,

316 1404 558 1447 Pascentem
579 1404 719 1444 niveos
741 1402 914 1444 herboso
933 1401 1106 1442 flumine
1127 1416 1296 1457 cycnos.

317 1477 422 1519 Non
444 1476 594 1533 liquidi
615 1475 810 1532 gregibus
831 1475 983 1525 fontes,
1006 1490 1090 1515 non
1112 1476 1299 1530 gramina
1319 1473 1493 1515 deerunt
1512 1488 1521 1518 :

316 1551 377 1593 Et
396 1560 603 1607 quantum
624 1550 763 1605 longis
784 1556 954 1602 carpent
975 1557 1160 1587 armenta
1180 1546 1341 1597 diebus,
1391 1577 1393 1579 -

317 1625 486 1679 Exigua
506 1632 670 1663 tantum
692 1622 854 1677 gelidus
875 1635 940 1660 ros
963 1620 1084 1661 nocie
1106 1628 1290 1674 reponet.

318 1695 459 1751 Nigra
480 1696 580 1745 fere,
612 1704 653 1734 ct
676 1693 803 1748 preffo
827 1694 994 1748 pinguis
1019 1694 1089 1732 sub
1110 1707 1272 1733 vomere
1293 1700 1416 1742 terra,

318 1769 377 1810 Et
397 1769 465 1809 cui
488 1780 607 1821 putre
631 1766 779 1817 solum,
815 1767 1016 1820 (namque
1038 1767 1117 1807 hoc
1139 1767 1351 1806 imitamur
1372 1763 1545 1817 arando)

319 1840 514 1895 Optuma
536 1840 770 1880 frumentis.
834 1853 919 1881 non
941 1839 1030 1879 ullo
1051 1853 1101 1878 ex
1126 1853 1300 1892 aequore
1318 1851 1460 1878 cernes

320 1914 448 1956 Plura
469 1914 640 1954 domum
661 1912 787 1953 tardis
808 1912 1000 1952 decedere
1022 1910 1196 1965 plaustra
1212 1910 1406 1967 juvencis
1426 1924 1437 1951 2

320 1988 413 2029 Aut
436 1984 543 2025 unde
566 1985 696 2024 iratus
717 1982 857 2024 silvam
880 1985 1044 2025 devexit
1067 1994 1217 2034 arator,

320 2058 381 2101 Et
401 2072 566 2099 nemora
586 2057 732 2098 evertit
752 2057 906 2098 multos
929 2057 1076 2113 ignava
1099 2072 1166 2111 per
1187 2071 1334 2107 annos,

323 2132 617 2187 Antiquasque
637 2131 778 2172 domos
800 2130 940 2170 avium
961 2143 1055 2169 cum
1079 2129 1272 2183 stirpibus
1295 2129 1386 2169 imis
1429 2142 1433 2145 ’

325 2204 474 2247 Exuit:
509 2204 605 2245 illae
626 2203 758 2245 altum
781 2201 888 2246 nidis
909 2201 1060 2255 petiere
1080 2200 1250 2242 senet-is.

1579 381 1657 437 185

1583 754 1663 831 ¹90

1587 1120 1665 1165 195
1707 1073 1719 1099 ⁹

1585 1469 1669 1518 200
1715 1486 1719 1492 ·

1585 1846 1668 1891 205

1587 2208 1673 2242 210
1695 2224 1720 2244 ,ρ
