1733 3076
295 88 379 145 128
516 87 566 129 P.
589 85 814 130 Vmoxmx
835 83 1069 126 Manonus
1091 80 1357 131 Bucouc'Aa
1470 84 1567 131 Eel.
1589 93 1637 144 30·

236 223 241 225 -
284 193 371 239 Pro
391 191 508 236 molli
530 191 657 241 viola,
683 203 756 243 pro
776 201 985 243 purpureo
1005 187 1196 239 narcisso,

289 268 503 317 Carduus,
534 273 575 304 et
597 262 725 316 spinis
746 259 879 316 surgit
899 259 1084 316 paliurus
1103 258 1254 300 acutis.

290 340 479 397 Spargite
499 339 675 379 humum
695 332 826 383 foliis,
858 332 1045 374 inducite
1067 332 1257 374 fontibus
1279 330 1464 386 umbras,
1575 340 1638 388 46

287 414 472 458 Pastores
492 425 502 451 ;
535 409 702 450 mandat
727 406 814 448 fieri
836 404 907 446 fibi
935 405 1036 446 talia
1056 404 1267 460 Daphnis.

288 488 348 530 Et
369 484 581 528 tumulum
602 482 744 532 facite,
771 489 812 522 et
832 478 996 520 tumulo
1016 477 1273 532 superaddite
1289 490 1453 520 carmen
1473 490 1482 517 :

288 558 489 614 Daphnis
509 570 587 612 ego
608 555 652 595 in
673 551 799 602 filvis,
830 551 931 591 hinc
952 550 1080 605 usque
1101 551 1150 591 ad
1170 549 1296 593 fidera
1324 559 1469 602 notus,

290 629 476 675 Formosi
496 627 656 683 pecoris
676 624 830 674 custos,
862 621 1076 663 formosior
1101 623 1200 678 ipse.

818 694 1107 737 MENALcAs.

288 774 404 817 Tale
429 780 551 817 tuum
571 783 738 813 carmen
762 768 901 819 nobis,
929 766 1067 808 divine
1088 771 1224 822 poeta,
1581 776 1638 824 45

290 848 433 904 Qale
454 847 573 901 sopor
595 844 698 885 feffis
724 843 768 883 in
789 840 974 897 gramine
995 854 1003 879 :
1039 841 1161 895 quale
1182 854 1254 896 per
1277 839 1429 882 aestum

292 919 450 964 Dulcis
472 930 601 973 aquae
622 916 790 957 saliente
810 912 919 955 sitim
939 913 1190 969 restinguere
1213 915 1318 955 rivo.

291 992 392 1037 Nec
416 991 586 1034 calamis
611 989 742 1030 solum
766 987 1023 1042 aequiparas,
1056 986 1121 1027 sed
1141 1001 1244 1028 voce
1270 985 1529 1044 magistrum.

293 1066 526 1108 Fortunate
549 1076 666 1118 puer,
697 1070 745 1102 tu
772 1074 888 1101 nunc
909 1059 988 1099 eris
1009 1057 1113 1098 alter
1133 1057 1184 1098 ab
1212 1057 1301 1099 illo.

294 1138 392 1180 Nos
414 1146 552 1180 tamen
579 1136 679 1175 haec
701 1146 955 1188 quocunque
979 1129 1105 1170 modo
1126 1129 1203 1170 tibi
1229 1128 1365 1170 nostra
1382 1128 1556 1171 viciffim
1592 1141 1650 1186 50

296 1210 504 1255 Dicemus
522 1228 535 1260 ;
568 1206 861 1261 Daphninque
881 1215 1003 1248 tuum
1023 1202 1222 1244 tollemus
1243 1201 1292 1242 ad
1314 1201 1443 1243 astra:

297 1283 506 1339 Daphnin
527 1281 575 1322 ad
597 1278 700 1322 astra
720 1279 913 1320 feremus.
957 1277 1114 1319 amavit
1138 1289 1213 1318 nos
1235 1289 1402 1332 quoque
1418 1274 1636 1330 Daphnis·

870 1349 1082 1392 Mopsus.
1266 1335 1268 1337 ’

300 1430 375 1471 An
394 1427 624 1483 quidquam
652 1426 773 1466 nobis
795 1424 868 1464 tali
895 1422 942 1464 sit
962 1436 1131 1464 munere
1152 1423 1286 1478 majus
1305 1421 1320 1464 ?

297 1503 359 1545 Et
379 1516 480 1558 puer
501 1502 585 1555 ipse
605 1500 687 1540 fuit
706 1498 864 1539 cantari
884 1496 1034 1552 dignus
1055 1510 1063 1535 :
1097 1506 1138 1536 et
1158 1494 1230 1536 ista

297 1576 396 1632 Jarn
421 1575 579 1631 pridem
600 1573 809 1615 Stimicon
830 1570 1016 1612 laudavit
1039 1569 1225 1610 carmina
1245 1567 1382 1609 nobis.
1589 1576 1648 1624 55

837 1642 1127 1684 MENALCAS.

304 1719 522 1763 Candidus
544 1719 752 1759 insuetum
769 1717 943 1757 miratur
963 1715 1092 1756 limen
1115 1714 1314 1771 Olympi,

303 1795 391 1838 Sub
414 1792 665 1849 pedibusque
686 1789 800 1831 videt
821 1788 953 1829 nubes
975 1798 1017 1829 et
1037 1788 1161 1830 sldera
1185 1786 1395 1842 Daphnis.

301 1868 418 1924 Ergo
445 1866 591 1908 alacris
612 1864 748 1914 filvas‚
779 1872 820 1903 et
841 1870 975 1903 cetera
995 1875 1091 1902 rura
1111 1860 1321 1913 voluptas,

302 1939 514 1995 Panaque,
548 1937 810 1993 pastoresque
832 1946 962 1985 tenet,
986 1930 1257 1989 Dryadasque
1281 1929 1454 1985 puellas.

304 2013 401 2057 Nec
423 2013 546 2068 lupus
567 2010 729 2054 infidias
752 2010 907 2065 pecori,
940 2021 1017 2049 nec
1038 2005 1140 2047 retia
1161 2004 1293 2046 cervis
1597 2003 1656 2046 60

303 2214 350 2251 P.
379 2213 483 2263 Qid
491 2213 574 2263 jam
588 2214 610 2248 ?
644 2212 682 2247 S.
706 2212 804 2260 Qaeia
825 2208 1029 2258 luscitiostcs.
1085 2208 1134 2245 P.
1151 2205 1303 2257 Aede-pol
1316 2216 1355 2244 tu
1369 2205 1500 2256 quidem
1523 2215 1656 2248 caecus,

303 2280 368 2303 non
387 2264 593 2315 luscitiosus.
652 2263 775 2300 Plaut.
801 2261 893 2299 Mil.
923 2259 1090 2299 Glorios.
1116 2260 1203 2298 Αᾶ.
1227 2272 1265 2298 2.
1290 2259 1350 2297 Sc.
1374 2271 1409 2308 3.

409 2349 459 2386 Et
477 2359 622 2387 careant
647 2345 739 2385 loliis
758 2345 866 2384 oculos
885 2343 1113 2384 vitiantibus
1129 2346 1227 2395 agri.

1194 2397 1330 2433 Ovm.
1345 2393 1443 2431 Fast.
1462 2405 1495 2431 1.
1512 2391 1604 2443 690.

308 2484 400 2523 And
421 2486 482 2523 the
503 2485 658 2523 modern
679 2483 838 2522 Italians
868 2482 962 2520 have
993 2490 1057 2531 yet
1088 2493 1110 2518 a
1134 2478 1247 2517 worse
1280 2476 1412 2515 notion
1445 2475 1493 2514 of
1511 2474 1569 2513 it:
1600 2472 1660 2510 for

305 2539 394 2587 they
414 2537 503 2575 look
520 2550 619 2587 upon
640 2537 669 2574 it
689 2551 726 2574 as
749 2537 811 2573 the
836 2535 943 2573 cause
960 2534 1008 2571 of
1029 2530 1351 2580 themelancholy
1372 2528 1468 2566 kind
1486 2526 1533 2566 of
1548 2524 1657 2564 mad-

305 2590 412 2635 ness;
444 2588 519 2627 and
540 2590 601 2627 'tis
625 2601 800 2627 common
821 2587 914 2625 with
945 2587 1050 2624 them
1073 2595 1112 2622 to
1141 2584 1201 2633 say
1229 2582 1276 2621 of
1297 2595 1370 2631 any
1399 2581 1488 2618 such
1507 2577 1658 2630 person,

305 2644 344 2682 A
361 2647 538 2694 mangiato
553 2651 646 2692 pane
667 2657 725 2680 con
746 2640 867 2692 loglio‚
897 2645 909 2664 ‘
941 2639 1004 2678 He
1023 2639 1088 2675 has
1107 2645 1170 2673 eat
1189 2634 1303 2673 bread
1321 2633 1413 2672 with
1445 2631 1581 2670 lolium
1613 2628 1656 2668 in

308 2700 321 2719 ‘
350 2693 411 2733 it.’
986 2691 1306 2730 Honnswomu
1326 2684 1402 2725 and
1417 2686 1605 2725 Sennea.
