1733 3076
295 114 354 168 '44
624 102 674 145 Ρ.
727 87 1322 140 VIRG1L11.V1TA

297 217 436 274 peium
470 209 576 266 apud
616 205 832 248 Misenum
866 192 1178 242 conueniss'ent,
1209 207 1248 233 v.
1276 190 1376 232 Dio
1406 187 1641 240 XLVIII,
1728 232 1730 236 v

298 303 348 347 31
384 293 491 327 extr.
530 282 596 337 36.
658 275 774 318 Nam
810 271 1030 325 Appianus
1063 275 1297 319 temporum
1331 263 1519 303 ordinem
1552 276 1639 303 non

295 361 397 404 satis
418 361 610 398 accurate
632 348 843 404 sequitur,
866 356 998 397 quum
1010 340 1135 380 etiam
1152 335 1237 391 post
1253 335 1326 376 ista
1342 349 1383 389 p.
1405 347 1511 391 1135
1533 343 1640 376 extr.

298 446 346 473 ea
365 430 688 472 commemoret,
720 432 826 474 quae
847 429 957 456 anno
979 411 1184 467 superiore
1206 407 1363 462 peraeta
1384 407 1561 448 fuerant.

359 502 604 554 Antequam
627 491 839 536 Antonius
867 485 1058 528 aduersus
1084 481 1260 525 Parthos
1289 478 1645 535 proficiscebatur,

300 574 510 626 exercitus
533 571 576 610 in
597 568 771 608 hiberna
783 557 1012 604 deducendi
1031 564 1187 617 partem
1199 552 1389 593 aduersus
1405 550 1647 601 Parthinos,

302 644 507 702 populum
523 638 744 694 Illyricum
758 665 773 685 ‚
794 632 868 686 qui
889 631 982 671 loca
997 629 1108 673 circa
1120 625 1404 680 Epidamnum
1421 622 1621 664 infidebat
1634 651 1650 673 ,

304 728 347 759 et
379 714 501 759 Bruti
533 708 690 752 caussae
724 703 874 748 eximie
904 702 1087 750 fanerat,
1121 699 1267 742 mittit.
1327 713 1366 740 v.
1400 696 1583 751 Appian.
1607 710 1661 750 p.·

311 800 435 844 1135.
496 782 753 826 Praefecerat
788 778 838 818 iis
859 774 992 829 copiis
1015 772 1275 822 Pollionem,
1307 770 1380 825 qui
1413 784 1498 812 rem
1526 769 1570 810 in
1601 767 1654 808 iis

309 859 429 900 terris
451 855 611 912 egregie
633 853 745 908 geffit
760 881 772 900 ,
795 858 835 890 et
857 862 968 888 anno
990 847 1183 901 sequente
1206 843 1463 898 triumphum
1484 841 1533 881 de
1553 839 1656 881 Par.-

311 930 443 973 thinis
464 928 565 984 egit.
617 941 656 967 v.
681 923 769 965 Dio
787 918 1019 970 XLVIII,
1052 934 1121 973 41.
1145 928 1185 958 et
1208 919 1262 958 ib.
1287 925 1427 957 notam
1450 914 1619 956 Fabric.

330 1042 333 1046 ,
372 1000 475 1055 Qio
508 999 551 1039 in
575 997 720 1037 itinere
751 994 941 1035 aduersus
973 993 1197 1036 Parthinos
1239 1005 1334 1032 cum
1375 988 1513 1029 Pollio
1547 986 1660 1037 esset,

315 1071 651 1120 Pbarmaceutria
666 1101 678 1120 ‚
703 1083 805 1124 quae
826 1067 880 1108 est
902 1066 1063 1122 Ecloga
1085 1063 1214 1105 VIII.
1238 1065 1273 1104 ei
1297 1079 1319 1103 a
1341 1061 1528 1116 Virgilio
1549 1058 1665 1100 missa

319 1146 435 1190 fuiffe
452 1145 628 1186 videtur.
690 1141 889 1195 Namque
924 1155 965 1180 v.
990 1141 1030 1181 6.
1070 1138 1130 1180 Tu
1164 1138 1338 1194 mihifiu
1359 1135 1666 1190 magnisuperas
1688 1182 1693 1183 ⁷

320 1220 397 1268 iam
408 1219 512 1277 saxa
539 1214 697 1257 Timaui
712 1244 725 1264 ‚
758 1213 848 1267 Siue
882 1230 986 1255 oram
1009 1213 1157 1267 Illyrici
1188 1211 1280 1265 legis
1300 1208 1489 1264 aequoris.
1517 1207 1572 1246 cf.
1607 1205 1668 1246 ibi

320 1302 456 1336 notas.
519 1289 688 1338 Ruaeus
715 1288 759 1328 in
780 1287 915 1328 reditu
944 1284 1149 1325 Pollionis
1171 1283 1372 1336 scriptum
1397 1294 1563 1321 carmen
1593 1276 1670 1319 esse

322 1365 524 1422 putabat,
565 1362 605 1403 id
642 1361 753 1419 quod
790 1361 1009 1402 verborum
1039 1368 1081 1399 et
1114 1357 1409 1398 sententiarum
1436 1353 1573 1394 ordini
1605 1367 1670 1392 re-

325 1446 496 1495 pugnat.
561 1434 651 1490 Qi
672 1434 785 1474 enim
807 1447 830 1472 a
851 1433 1040 1474 Timauo
1070 1431 1117 1471 ad
1146 1429 1368 1486 Illyricum
1389 1426 1576 1482 procedit
1591 1455 1604 1475 ‚
1636 1425 1674 1466 is

326 1509 625 1567 profecffionem
659 1506 702 1548 in
736 1503 958 1561 Illyricum
989 1506 1123 1545 facere
1144 1503 1293 1552 debet,
1324 1515 1409 1542 non
1440 1500 1484 1541 in
1507 1497 1681 1539 Italiam.

327 1584 472 1626 redire.
534 1579 738 1623 Pollionis
775 1579 899 1619 etiam
934 1575 1038 1618 iussu
1067 1575 1271 1630 Eclogam
1294 1573 1561 1628 perscriptam
1581 1569 1681 1622 esse,

328 1672 371 1698 v.
399 1672 415 1701 1
429 1671 464 1700 1.
493 1669 556 1698 12.
582 1661 772 1708 apparet:
808 1652 908 1708 iuffis
928 1650 1102 1693 carmina
1121 1657 1247 1704 coepta
1261 1647 1355 1690 tuis.

864 1763 921 1804 V.
958 1762 1011 1803 C.
1093 1777 1107 1804 1
1148 1793 1157 1802 .

477 1845 527 1890 L.
553 1842 739 1885 Marcius
762 1838 1002 1898 Censorinus.
1061 1775 1337 1892 7C.5Calut]ius
1358 1834 1561 1897 Sabinus-A

739 1927 777 1954 a.
810 1911 858 1952 C.
893 1921 960 1968 39.
1024 1908 1189 1964 Virgilii
1208 1909 1274 1963 ἐξ..

394 2006 451 2048 Α.
489 2006 530 2045 (1.
563 2001 695 2044 VIII.
745 2000 846 2042 Kal.
885 1997 1118 2039 Nouembr.
1156 1996 1210 2038 C.
1256 1995 1426 2038 Afinius
1458 1993 1597 2037 Pollio
1634 2007 1688 2037 ex

340 2078 549 2123 Parthinis
578 2075 824 2129 triumphat.
849 2071 957 2113 Fasti
982 2070 1166 2125 Capitol.
1191 2069 1397 2111 Chronic.
1432 2068 1582 2110 Euseb.
1605 2076 1688 2108 etc.

342 2152 414 2203 Est
435 2153 468 2193 is
490 2149 706 2205 triumphus
728 2145 990 2189 Dalmaticus.
1016 2144 1072 2184 cf.
1097 2142 1210 2184 Flor.
1235 2141 1320 2193 IV,
1357 2157 1423 2186 12«
1451 2155 1516 2185 11.
1541 2139 1692 2184 Horat.-

341 2225 487 2266 Carm.
526 2220 600 2272 II,
636 2236 675 2272 1,
718 2233 781 2275 15.
825 2219 889 2261 16.
953 2216 1020 2258 De
1056 2217 1189 2275 captis
1218 2231 1240 2257 a
1267 2215 1460 2263 Pollione
1497 2212 1694 2263 Salonis,

345 2297 582 2343 Dalmatiae
602 2294 700 2336 vrbe
722 2309 762 2334 v.
786 2291 987 2347 Porphyr.
1018 2290 1067 2330 ad
1088 2305 1123 2331 e.
1149 2290 1178 2330 l.
1201 2298 1243 2330 et
1265 2288 1381 2330 Seru.
1415 2287 1465 2328 ad
1487 2285 1582 2333 Ecl-
1607 2282 1696 2332 III„

347 2372 416 2423 88.
441 2368 526 2419 IV,
563 2383 598 2410 1.
637 2365 783 2417 VIII,
822 2379 886 2408 12.
922 2365 978 2404 cf.
1013 2361 1330 2419 PighiiAnnal.
1368 2362 1410 2402 h.
1447 2373 1485 2400 a.
1518 2357 1587 2400 De
1607 2355 1699 2399 filio

349 2441 581 2491 Pollionis,
605 2439 833 2488 Salonino,
858 2438 923 2478 seu
943 2436 1157 2486 Salonico,
1176 2435 1249 2490 qui
1272 2444 1412 2477 tamen
1433 2431 1577 2473 nullus
1599 2429 1698 2480 fuit,

352 2515 417 2557 sed
440 2528 587 2568 nepos,
618 2528 666 2552 co
688 2511 874 2561 nomine,
906 2525 945 2550 v.
971 2507 1139 2550 Ruaeus
1161 2507 1211 2548 ad
1232 2506 1328 2552 Ecl„
1353 2504 1435 2546 IV.
1456 2519 1518 2559 pr.

410 2585 530 2628 Dum
552 2584 689 2626 Pollio
725 2586 768 2625 in
801 2590 999 2638 apparatu
1036 2581 1240 2635 triumphi
1267 2594 1365 2621 cum
1386 2578 1568 2620 maxime
1587 2573 1702 2625 ess‘et,

354 2658 518 2700 tertiam
542 2656 746 2712 Eclogam
782 2671 804 2697 a
839 2654 1026 2712 Virgilio
1051 2653 1201 2695 factam
1231 2668 1282 2694 ex
1313 2667 1354 2694 v.
1379 2653 1435 2706 84
1457 2651 1547 2707 sqq.,
1579 2648 1706 2699 Pollio

356 2740 461 2780 emat
482 2731 645 2786 nqstram
667 2738 746 2771 etc.
786 2716 996 2793 ingeniose
1024 2727 1191 2784 colligit
1212 2725 1408 2781 Ruaeus·²
1437 2734 1490 2776 vt,
1502 2722 1551 2766 de
1580 2721 1705 2767 victi-2

1628 2804 1710 2843 mx}
