<?xml version="1.0" encoding="UTF-8"?>
<!DOCTYPE html PUBLIC "-//W3C//DTD XHTML 1.0 Transitional//EN"
    "http://www.w3.org/TR/xhtml1/DTD/xhtml1-transitional.dtd">
<html xmlns="http://www.w3.org/1999/xhtml" xml:lang="en" lang="en">
 <head>
  <title>
</title>
<meta http-equiv="Content-Type" content="text/html;charset=utf-8" />
  <meta name='ocr-system' content='tesseract 3.04.00' />
  <meta name='ocr-capabilities' content='ocr_page ocr_carea ocr_par ocr_line ocrx_word'/>
</head>
<body>
  <div class='ocr_page' id='page_1' title='image "./worksofvirgilinl01virg_0085.png"; bbox 0 0 1733 3076; ppageno 0'>
   <div class='ocr_carea' id='block_1_1' title="bbox 349 83 1475 150">
    <p class='ocr_par' dir='ltr' id='par_1_1' title="bbox 349 83 1475 150">
     <span class='ocr_line' id='line_1_1' title="bbox 349 83 1475 150; baseline -0.005 -15"><span class='ocrx_word' id='word_1_1' title='bbox 349 88 499 136; x_wconf 79' lang='lat' dir='ltr'><strong>‚PER</strong></span> <span class='ocrx_word' id='word_1_2' title='bbox 549 87 813 132; x_wconf 85' lang='lat' dir='ltr'>ANNos</span> <span class='ocrx_word' id='word_1_3' title='bbox 865 83 1231 130; x_wconf 84' lang='lat' dir='ltr'>DIGESTA.</span> <span class='ocrx_word' id='word_1_4' title='bbox 1419 83 1475 150; x_wconf 76' lang='lat'>5&#39;5.</span> 
     </span>
    </p>
   </div>
   <div class='ocr_carea' id='block_1_2' title="bbox 121 193 1480 1214">
    <p class='ocr_par' dir='ltr' id='par_1_2' title="bbox 227 193 1362 395">
     <span class='ocr_line' id='line_1_2' title="bbox 652 193 933 252; baseline -0.004 -16"><span class='ocrx_word' id='word_1_5' title='bbox 652 194 713 237; x_wconf 94' lang='lat' dir='ltr'>V.</span> <span class='ocrx_word' id='word_1_6' title='bbox 747 193 801 236; x_wconf 85' lang='lat' dir='ltr'>C.</span> <span class='ocrx_word' id='word_1_7' title='bbox 836 208 933 252; x_wconf 86' lang='lat'><strong><em>732.</em></strong></span> 
     </span>
     <span class='ocr_line' id='line_1_3' title="bbox 227 265 1362 323; baseline -0.006 -11"><span class='ocrx_word' id='word_1_8' title='bbox 227 265 299 312; x_wconf 74' lang='lat' dir='ltr'><em>M</em></span> <span class='ocrx_word' id='word_1_9' title='bbox 333 268 523 311; x_wconf 87' lang='lat' dir='ltr'>Claudius</span> <span class='ocrx_word' id='word_1_10' title='bbox 553 267 772 309; x_wconf 81' lang='lat' dir='ltr'><em>Marcellus</em></span> <span class='ocrx_word' id='word_1_11' title='bbox 793 266 1039 323; x_wconf 71' lang='lat' dir='ltr'>Aefirninus.</span> <span class='ocrx_word' id='word_1_12' title='bbox 1074 268 1125 309; x_wconf 89' lang='lat' dir='ltr'>L.</span> <span class='ocrx_word' id='word_1_13' title='bbox 1150 265 1362 307; x_wconf 69' lang='lat' dir='ltr'>Arutztius.</span> 
     </span>
     <span class='ocr_line' id='line_1_4' title="bbox 519 337 1066 395; baseline -0.005 -13"><span class='ocrx_word' id='word_1_14' title='bbox 519 355 558 382; x_wconf 78' lang='lat' dir='ltr'>a.</span> <span class='ocrx_word' id='word_1_15' title='bbox 593 339 641 379; x_wconf 88' lang='lat' dir='ltr'>C.</span> <span class='ocrx_word' id='word_1_16' title='bbox 675 351 743 380; x_wconf 87' lang='lat'>22.</span> <span class='ocrx_word' id='word_1_17' title='bbox 806 337 973 392; x_wconf 76' lang='lat' dir='ltr'><em>Virgilii</em></span> <span class='ocrx_word' id='word_1_18' title='bbox 1001 340 1066 395; x_wconf 53' lang='lat' dir='ltr'>g}-</span> 
     </span>
    </p>

    <p class='ocr_par' dir='ltr' id='par_1_3' title="bbox 121 427 1476 703">
     <span class='ocr_line' id='line_1_5' title="bbox 180 427 1476 487; baseline -0.003 -14"><span class='ocrx_word' id='word_1_19' title='bbox 180 430 376 487; x_wconf 88' lang='lat' dir='ltr'>Augustus</span> <span class='ocrx_word' id='word_1_20' title='bbox 397 430 438 472; x_wconf 89' lang='lat' dir='ltr'>in</span> <span class='ocrx_word' id='word_1_21' title='bbox 461 427 635 470; x_wconf 79' lang='lat' dir='ltr'>Siciliam</span> <span class='ocrx_word' id='word_1_22' title='bbox 650 428 849 483; x_wconf 70' lang='lat' dir='ltr'>profec‘ius</span> <span class='ocrx_word' id='word_1_23' title='bbox 869 428 944 481; x_wconf 59' lang='lat' dir='ltr'>(st,</span> <span class='ocrx_word' id='word_1_24' title='bbox 977 436 1023 468; x_wconf 89' lang='lat' dir='ltr'>vt</span> <span class='ocrx_word' id='word_1_25' title='bbox 1054 444 1135 469; x_wconf 87' lang='lat' dir='ltr'>eam</span> <span class='ocrx_word' id='word_1_26' title='bbox 1162 446 1206 471; x_wconf 91' lang='lat' dir='ltr'>ac</span> <span class='ocrx_word' id='word_1_27' title='bbox 1235 444 1356 471; x_wconf 83' lang='lat' dir='ltr'>omnes</span> <span class='ocrx_word' id='word_1_28' title='bbox 1376 428 1476 470; x_wconf 81' lang='lat' dir='ltr'>alias</span> 
     </span>
     <span class='ocr_line' id='line_1_6' title="bbox 121 497 1474 560; baseline -0.002 -14"><span class='ocrx_word' id='word_1_29' title='bbox 121 505 178 547; x_wconf 80' lang='lat' dir='ltr'>ad</span> <span class='ocrx_word' id='word_1_30' title='bbox 195 505 344 559; x_wconf 83' lang='lat' dir='ltr'>Syriam</span> <span class='ocrx_word' id='word_1_31' title='bbox 365 505 480 560; x_wconf 86' lang='lat' dir='ltr'><em>vsque</em></span> <span class='ocrx_word' id='word_1_32' title='bbox 493 498 717 558; x_wconf 85' lang='lat' dir='ltr'>prouincias</span> <span class='ocrx_word' id='word_1_33' title='bbox 737 498 990 554; x_wconf 70' lang='lat' dir='ltr'>corstituerct.</span> <span class='ocrx_word' id='word_1_34' title='bbox 1024 497 1113 540; x_wconf 92' lang='lat' dir='ltr'>Dio</span> <span class='ocrx_word' id='word_1_35' title='bbox 1135 498 1262 552; x_wconf 86' lang='lat' dir='ltr'>LIV,</span> <span class='ocrx_word' id='word_1_36' title='bbox 1283 503 1322 544; x_wconf 80' lang='lat'>6.</span> <span class='ocrx_word' id='word_1_37' title='bbox 1365 501 1474 543; x_wconf 83' lang='lat' dir='ltr'>Fac-</span> 
     </span>
     <span class='ocr_line' id='line_1_7' title="bbox 124 570 1475 627; baseline -0.001 -10"><span class='ocrx_word' id='word_1_38' title='bbox 124 586 215 617; x_wconf 87' lang='lat' dir='ltr'>tum</span> <span class='ocrx_word' id='word_1_39' title='bbox 247 575 287 616; x_wconf 92' lang='lat' dir='ltr'>id</span> <span class='ocrx_word' id='word_1_40' title='bbox 324 576 396 616; x_wconf 90' lang='lat' dir='ltr'>sub</span> <span class='ocrx_word' id='word_1_41' title='bbox 433 574 556 615; x_wconf 89' lang='lat' dir='ltr'>finem</span> <span class='ocrx_word' id='word_1_42' title='bbox 591 572 690 613; x_wconf 87' lang='lat' dir='ltr'>anni</span> <span class='ocrx_word' id='word_1_43' title='bbox 721 571 899 613; x_wconf 88' lang='lat' dir='ltr'>videtur.</span> <span class='ocrx_word' id='word_1_44' title='bbox 970 570 1117 613; x_wconf 89' lang='lat' dir='ltr'>Videri</span> <span class='ocrx_word' id='word_1_45' title='bbox 1155 573 1284 627; x_wconf 87' lang='lat' dir='ltr'>potest</span> <span class='ocrx_word' id='word_1_46' title='bbox 1315 574 1363 615; x_wconf 91' lang='lat' dir='ltr'>de</span> <span class='ocrx_word' id='word_1_47' title='bbox 1395 575 1475 616; x_wconf 89' lang='lat' dir='ltr'>hoc</span> 
     </span>
     <span class='ocr_line' id='line_1_8' title="bbox 122 643 1203 703; baseline -0.004 -13"><span class='ocrx_word' id='word_1_48' title='bbox 122 648 273 691; x_wconf 84' lang='lat' dir='ltr'>itinere</span> <span class='ocrx_word' id='word_1_49' title='bbox 294 647 436 689; x_wconf 88' lang='lat' dir='ltr'>Noris.</span> <span class='ocrx_word' id='word_1_50' title='bbox 469 646 709 700; x_wconf 83' lang='lat' dir='ltr'>Cenotaph.</span> <span class='ocrx_word' id='word_1_51' title='bbox 743 643 882 686; x_wconf 90' lang='lat' dir='ltr'>Pisan.</span> <span class='ocrx_word' id='word_1_52' title='bbox 908 661 947 700; x_wconf 90' lang='lat' dir='ltr'>p.</span> <span class='ocrx_word' id='word_1_53' title='bbox 973 659 1203 703; x_wconf 81' lang='lat'>292-294.</span> 
     </span>
    </p>

    <p class='ocr_par' dir='ltr' id='par_1_4' title="bbox 123 718 1480 1214">
     <span class='ocr_line' id='line_1_9' title="bbox 180 718 1478 775; baseline 0 -13"><span class='ocrx_word' id='word_1_54' title='bbox 180 722 427 775; x_wconf 82' lang='lat' dir='ltr'>Aethiopes,</span> <span class='ocrx_word' id='word_1_55' title='bbox 469 720 573 761; x_wconf 84' lang='lat' dir='ltr'>duce</span> <span class='ocrx_word' id='word_1_56' title='bbox 619 720 778 775; x_wconf 82' lang='lat' dir='ltr'>regina,</span> <span class='ocrx_word' id='word_1_57' title='bbox 827 718 1039 769; x_wconf 83' lang='lat' dir='ltr'>candace,</span> <span class='ocrx_word' id='word_1_58' title='bbox 1084 719 1386 773; x_wconf 84' lang='lat' dir='ltr'>impreffionem</span> <span class='ocrx_word' id='word_1_59' title='bbox 1434 722 1478 762; x_wconf 92' lang='lat' dir='ltr'>in</span> 
     </span>
     <span class='ocr_line' id='line_1_10' title="bbox 123 791 1474 851; baseline -0.003 -15"><span class='ocrx_word' id='word_1_60' title='bbox 123 796 368 851; x_wconf 76' lang='lat' dir='ltr'>Aegyptum</span> <span class='ocrx_word' id='word_1_61' title='bbox 409 795 605 845; x_wconf 80' lang='lat' dir='ltr'>faciunt,</span> <span class='ocrx_word' id='word_1_62' title='bbox 657 802 698 832; x_wconf 90' lang='lat' dir='ltr'>et</span> <span class='ocrx_word' id='word_1_63' title='bbox 728 791 1043 846; x_wconf 74' lang='lat' dir='ltr'>Elephantinen</span> <span class='ocrx_word' id='word_1_64' title='bbox 1077 792 1222 832; x_wconf 88' lang='lat' dir='ltr'>vrbem</span> <span class='ocrx_word' id='word_1_65' title='bbox 1255 793 1474 848; x_wconf 87' lang='lat' dir='ltr'>diripiunt.</span> 
     </span>
     <span class='ocr_line' id='line_1_11' title="bbox 127 863 1477 922; baseline -0.001 -15"><span class='ocrx_word' id='word_1_66' title='bbox 127 864 403 908; x_wconf 82' lang='lat' dir='ltr'>Reuertentes</span> <span class='ocrx_word' id='word_1_67' title='bbox 436 881 506 907; x_wconf 89' lang='lat' dir='ltr'>eos</span> <span class='ocrx_word' id='word_1_68' title='bbox 539 865 587 906; x_wconf 90' lang='lat' dir='ltr'>ad</span> <span class='ocrx_word' id='word_1_69' title='bbox 625 874 752 906; x_wconf 82' lang='lat' dir='ltr'>terras</span> <span class='ocrx_word' id='word_1_70' title='bbox 787 865 878 905; x_wconf 84' lang='lat' dir='ltr'>suas</span> <span class='ocrx_word' id='word_1_71' title='bbox 912 863 966 905; x_wconf 92' lang='lat' dir='ltr'>C.</span> <span class='ocrx_word' id='word_1_72' title='bbox 1005 863 1256 916; x_wconf 79' lang='lat' dir='ltr'>Petronius,</span> <span class='ocrx_word' id='word_1_73' title='bbox 1290 866 1477 922; x_wconf 81' lang='lat' dir='ltr'>Aegypti</span> 
     </span>
     <span class='ocr_line' id='line_1_12' title="bbox 124 937 1478 993; baseline 0 -14"><span class='ocrx_word' id='word_1_74' title='bbox 124 938 380 993; x_wconf 59' lang='lat' dir='ltr'>praefectus,</span> <span class='ocrx_word' id='word_1_75' title='bbox 405 938 563 987; x_wconf 82' lang='lat' dir='ltr'>caedit,</span> <span class='ocrx_word' id='word_1_76' title='bbox 586 938 741 993; x_wconf 85' lang='lat' dir='ltr'>regiam</span> <span class='ocrx_word' id='word_1_77' title='bbox 761 937 937 988; x_wconf 83' lang='lat' dir='ltr'>euertit,</span> <span class='ocrx_word' id='word_1_78' title='bbox 960 946 1000 978; x_wconf 92' lang='lat' dir='ltr'>et</span> <span class='ocrx_word' id='word_1_79' title='bbox 1023 947 1174 979; x_wconf 84' lang='lat' dir='ltr'>terram</span> <span class='ocrx_word' id='word_1_80' title='bbox 1195 953 1338 979; x_wconf 86' lang='lat' dir='ltr'>eorum</span> <span class='ocrx_word' id='word_1_81' title='bbox 1360 953 1478 993; x_wconf 83' lang='lat' dir='ltr'>prae-</span> 
     </span>
     <span class='ocr_line' id='line_1_13' title="bbox 123 1008 1480 1065; baseline 0 -13"><span class='ocrx_word' id='word_1_82' title='bbox 123 1010 232 1053; x_wconf 85' lang='lat' dir='ltr'>fidiis</span> <span class='ocrx_word' id='word_1_83' title='bbox 253 1020 449 1065; x_wconf 88' lang='lat' dir='ltr'>occupat.</span> <span class='ocrx_word' id='word_1_84' title='bbox 492 1026 532 1051; x_wconf 91' lang='lat' dir='ltr'>v.</span> <span class='ocrx_word' id='word_1_85' title='bbox 554 1009 642 1051; x_wconf 88' lang='lat' dir='ltr'>Dio</span> <span class='ocrx_word' id='word_1_86' title='bbox 659 1008 786 1061; x_wconf 81' lang='lat' dir='ltr'>LIV,</span> <span class='ocrx_word' id='word_1_87' title='bbox 810 1023 850 1065; x_wconf 82' lang='lat'>5.</span> <span class='ocrx_word' id='word_1_88' title='bbox 887 1009 1035 1051; x_wconf 86' lang='lat' dir='ltr'>Strabo</span> <span class='ocrx_word' id='word_1_89' title='bbox 1057 1010 1133 1051; x_wconf 92' lang='lat' dir='ltr'>lib.</span> <span class='ocrx_word' id='word_1_90' title='bbox 1159 1009 1313 1051; x_wconf 87' lang='lat' dir='ltr'>XVII.</span> <span class='ocrx_word' id='word_1_91' title='bbox 1343 1012 1413 1052; x_wconf 85' lang='lat' dir='ltr'>vbi</span> <span class='ocrx_word' id='word_1_92' title='bbox 1430 1010 1480 1052; x_wconf 86' lang='lat' dir='ltr'>de</span> 
     </span>
     <span class='ocr_line' id='line_1_14' title="bbox 124 1081 1478 1138; baseline 0.002 -16"><span class='ocrx_word' id='word_1_93' title='bbox 124 1082 405 1135; x_wconf 83' lang='lat' dir='ltr'>Aethiopibus</span> <span class='ocrx_word' id='word_1_94' title='bbox 443 1082 543 1138; x_wconf 83' lang='lat' dir='ltr'>agit.</span> <span class='ocrx_word' id='word_1_95' title='bbox 584 1081 700 1124; x_wconf 86' lang='lat' dir='ltr'>Haec</span> <span class='ocrx_word' id='word_1_96' title='bbox 724 1081 937 1138; x_wconf 84' lang='lat' dir='ltr'>Virgilius</span> <span class='ocrx_word' id='word_1_97' title='bbox 966 1083 1167 1138; x_wconf 87' lang='lat' dir='ltr'>respicere</span> <span class='ocrx_word' id='word_1_98' title='bbox 1188 1083 1351 1124; x_wconf 87' lang='lat' dir='ltr'>videtur</span> <span class='ocrx_word' id='word_1_99' title='bbox 1367 1085 1478 1125; x_wconf 87' lang='lat' dir='ltr'>Aen.</span> 
     </span>
     <span class='ocr_line' id='line_1_15' title="bbox 125 1153 1449 1214; baseline 0.002 -19"><span class='ocrx_word' id='word_1_100' title='bbox 125 1153 210 1211; x_wconf 81' lang='lat' dir='ltr'>VI,</span> <span class='ocrx_word' id='word_1_101' title='bbox 236 1157 489 1213; x_wconf 82' lang='lat' dir='ltr'>795--super</span> <span class='ocrx_word' id='word_1_102' title='bbox 505 1166 540 1198; x_wconf 82' lang='lat' dir='ltr'>et</span> <span class='ocrx_word' id='word_1_103' title='bbox 555 1157 823 1199; x_wconf 74' lang='lat' dir='ltr'>Garamantas</span> <span class='ocrx_word' id='word_1_104' title='bbox 843 1168 878 1199; x_wconf 85' lang='lat' dir='ltr'>et</span> <span class='ocrx_word' id='word_1_105' title='bbox 895 1158 1008 1200; x_wconf 85' lang='lat' dir='ltr'>Indos</span> <span class='ocrx_word' id='word_1_106' title='bbox 1025 1155 1210 1214; x_wconf 74' lang='lat' dir='ltr'>Prqfhret</span> <span class='ocrx_word' id='word_1_107' title='bbox 1231 1157 1449 1213; x_wconf 82' lang='lat' dir='ltr'>imperium.</span> 
     </span>
    </p>
   </div>
   <div class='ocr_carea' id='block_1_3' title="bbox 113 1270 1485 1638">
    <p class='ocr_par' dir='ltr' id='par_1_5' title="bbox 113 1270 1485 1638">
     <span class='ocr_line' id='line_1_16' title="bbox 657 1270 937 1329; baseline 0 -17"><span class='ocrx_word' id='word_1_108' title='bbox 657 1270 716 1312; x_wconf 89' lang='lat' dir='ltr'>V.</span> <span class='ocrx_word' id='word_1_109' title='bbox 750 1271 804 1313; x_wconf 92' lang='lat' dir='ltr'>C.</span> <span class='ocrx_word' id='word_1_110' title='bbox 841 1285 937 1329; x_wconf 82' lang='lat'><strong><em>733.</em></strong></span> 
     </span>
     <span class='ocr_line' id='line_1_17' title="bbox 387 1343 1226 1403; baseline 0 -17"><span class='ocrx_word' id='word_1_111' title='bbox 387 1343 459 1386; x_wconf 79' lang='lat' dir='ltr'><em>M</em></span> <span class='ocrx_word' id='word_1_112' title='bbox 495 1344 659 1386; x_wconf 81' lang='lat' dir='ltr'>Lollius.</span> <span class='ocrx_word' id='word_1_113' title='bbox 723 1345 784 1403; x_wconf 63' lang='lat' dir='ltr'><em>Q</em></span> <span class='ocrx_word' id='word_1_114' title='bbox 818 1344 1008 1386; x_wconf 81' lang='lat' dir='ltr'>Aemilius</span> <span class='ocrx_word' id='word_1_115' title='bbox 1038 1343 1226 1399; x_wconf 79' lang='lat' dir='ltr'>Lepidus.</span> 
     </span>
     <span class='ocr_line' id='line_1_18' title="bbox 532 1417 1081 1473; baseline -0.004 -14"><span class='ocrx_word' id='word_1_116' title='bbox 532 1434 573 1460; x_wconf 90' lang='lat' dir='ltr'>a.</span> <span class='ocrx_word' id='word_1_117' title='bbox 607 1418 654 1459; x_wconf 92' lang='lat' dir='ltr'>C.</span> <span class='ocrx_word' id='word_1_118' title='bbox 688 1431 758 1461; x_wconf 87' lang='lat'>21.</span> <span class='ocrx_word' id='word_1_119' title='bbox 821 1417 988 1473; x_wconf 82' lang='lat' dir='ltr'>Virgilii</span> <span class='ocrx_word' id='word_1_120' title='bbox 1016 1418 1081 1467; x_wconf 56' lang='grc' dir='ltr'>ἓξ.</span> 
     </span>
     <span class='ocr_line' id='line_1_19' title="bbox 183 1505 1482 1565; baseline 0.002 -19"><span class='ocrx_word' id='word_1_121' title='bbox 183 1505 377 1561; x_wconf 76' lang='lat' dir='ltr'>Augustus</span> <span class='ocrx_word' id='word_1_122' title='bbox 398 1508 509 1547; x_wconf 82' lang='lat' dir='ltr'>rebus</span> <span class='ocrx_word' id='word_1_123' title='bbox 544 1507 585 1547; x_wconf 87' lang='lat' dir='ltr'>in</span> <span class='ocrx_word' id='word_1_124' title='bbox 621 1507 760 1548; x_wconf 88' lang='lat' dir='ltr'>Sicilia</span> <span class='ocrx_word' id='word_1_125' title='bbox 781 1507 972 1548; x_wconf 83' lang='lat' dir='ltr'>ordinatis</span> <span class='ocrx_word' id='word_1_126' title='bbox 993 1506 1034 1547; x_wconf 84' lang='lat' dir='ltr'>in</span> <span class='ocrx_word' id='word_1_127' title='bbox 1057 1507 1264 1550; x_wconf 87' lang='lat' dir='ltr'>Graeciam</span> <span class='ocrx_word' id='word_1_128' title='bbox 1296 1509 1482 1565; x_wconf 82' lang='lat' dir='ltr'>transmi-</span> 
     </span>
     <span class='ocr_line' id='line_1_20' title="bbox 113 1577 1485 1638; baseline 0.006 -21"><span class='ocrx_word' id='word_1_129' title='bbox 113 1577 184 1633; x_wconf 86' lang='lat' dir='ltr'>fit.</span> <span class='ocrx_word' id='word_1_130' title='bbox 246 1578 376 1619; x_wconf 80' lang='lat' dir='ltr'>Rebus</span> <span class='ocrx_word' id='word_1_131' title='bbox 398 1579 438 1619; x_wconf 88' lang='lat' dir='ltr'>in</span> <span class='ocrx_word' id='word_1_132' title='bbox 461 1579 630 1620; x_wconf 83' lang='lat' dir='ltr'>Graecia</span> <span class='ocrx_word' id='word_1_133' title='bbox 651 1579 828 1637; x_wconf 66' lang='lat' dir='ltr'>confeliis</span> <span class='ocrx_word' id='word_1_134' title='bbox 848 1579 890 1620; x_wconf 86' lang='lat' dir='ltr'>in</span> <span class='ocrx_word' id='word_1_135' title='bbox 912 1579 1068 1622; x_wconf 86' lang='lat' dir='ltr'><em>Samum</em></span> <span class='ocrx_word' id='word_1_136' title='bbox 1089 1581 1324 1636; x_wconf 81' lang='lat' dir='ltr'>nauigauit,</span> <span class='ocrx_word' id='word_1_137' title='bbox 1356 1582 1485 1638; x_wconf 78' lang='lat' dir='ltr'>ibique</span> 
     </span>
    </p>
   </div>
   <div class='ocr_carea' id='block_1_4' title="bbox 114 1635 691 1705">
    <p class='ocr_par' dir='ltr' id='par_1_6' title="bbox 114 1635 691 1705">
     <span class='ocr_line' id='line_1_21' title="bbox 114 1635 691 1705; baseline -0.009 -11"><span class='ocrx_word' id='word_1_138' title='bbox 114 1635 325 1694; x_wconf 38' lang='lat' dir='ltr'>bismait·</span> <span class='ocrx_word' id='word_1_139' title='bbox 388 1649 478 1692; x_wconf 87' lang='lat' dir='ltr'>Dio</span> <span class='ocrx_word' id='word_1_140' title='bbox 500 1647 626 1701; x_wconf 85' lang='lat' dir='ltr'>LIV,</span> <span class='ocrx_word' id='word_1_141' title='bbox 651 1663 691 1705; x_wconf 88' lang='lat'>7.</span> 
     </span>
    </p>
   </div>
   <div class='ocr_carea' id='block_1_5' title="bbox 126 1761 1492 2862">
    <p class='ocr_par' dir='ltr' id='par_1_7' title="bbox 431 1761 1170 1967">
     <span class='ocr_line' id='line_1_22' title="bbox 656 1761 936 1825; baseline 0.007 -19"><span class='ocrx_word' id='word_1_142' title='bbox 656 1761 714 1806; x_wconf 89' lang='lat' dir='ltr'>V.</span> <span class='ocrx_word' id='word_1_143' title='bbox 750 1762 803 1805; x_wconf 91' lang='lat' dir='ltr'>C.</span> <span class='ocrx_word' id='word_1_144' title='bbox 840 1778 936 1825; x_wconf 83' lang='lat'>734.</span> 
     </span>
     <span class='ocr_line' id='line_1_23' title="bbox 431 1835 1170 1891; baseline 0.009 -15"><span class='ocrx_word' id='word_1_145' title='bbox 431 1836 504 1879; x_wconf 88' lang='lat' dir='ltr'>M.</span> <span class='ocrx_word' id='word_1_146' title='bbox 537 1835 738 1891; x_wconf 78' lang='lat' dir='ltr'>Apuleius.</span> <span class='ocrx_word' id='word_1_147' title='bbox 771 1839 824 1879; x_wconf 87' lang='lat' dir='ltr'>P.</span> <span class='ocrx_word' id='word_1_148' title='bbox 859 1840 982 1881; x_wconf 84' lang='lat' dir='ltr'>Silius</span> <span class='ocrx_word' id='word_1_149' title='bbox 1012 1841 1170 1885; x_wconf 84' lang='lat' dir='ltr'>Nerua.</span> 
     </span>
     <span class='ocr_line' id='line_1_24' title="bbox 532 1910 1084 1967; baseline 0.007 -18"><span class='ocrx_word' id='word_1_150' title='bbox 532 1926 570 1950; x_wconf 89' lang='lat' dir='ltr'>a.</span> <span class='ocrx_word' id='word_1_151' title='bbox 606 1910 652 1951; x_wconf 89' lang='lat' dir='ltr'>C.</span> <span class='ocrx_word' id='word_1_152' title='bbox 688 1925 757 1953; x_wconf 86' lang='lat'>20.</span> <span class='ocrx_word' id='word_1_153' title='bbox 821 1911 989 1967; x_wconf 86' lang='lat' dir='ltr'>Virgilii</span> <span class='ocrx_word' id='word_1_154' title='bbox 1018 1915 1084 1967; x_wconf 53' lang='grc' dir='ltr'>«ἕξ.</span> 
     </span>
    </p>

    <p class='ocr_par' dir='ltr' id='par_1_8' title="bbox 126 1997 1490 2417">
     <span class='ocr_line' id='line_1_25' title="bbox 186 1997 1490 2058; baseline 0.003 -16"><span class='ocrx_word' id='word_1_155' title='bbox 186 1997 280 2042; x_wconf 75' lang='lat' dir='ltr'>Vere</span> <span class='ocrx_word' id='word_1_156' title='bbox 300 1998 495 2057; x_wconf 70' lang='lat' dir='ltr'>Augzssus</span> <span class='ocrx_word' id='word_1_157' title='bbox 526 2000 567 2040; x_wconf 84' lang='lat' dir='ltr'>in</span> <span class='ocrx_word' id='word_1_158' title='bbox 599 1999 727 2056; x_wconf 84' lang='lat' dir='ltr'><em>Astam</em></span> <span class='ocrx_word' id='word_1_159' title='bbox 755 2002 957 2056; x_wconf 79' lang='lat' dir='ltr'>perrexit,</span> <span class='ocrx_word' id='word_1_160' title='bbox 995 2001 1122 2056; x_wconf 78' lang='lat' dir='ltr'>ibique</span> <span class='ocrx_word' id='word_1_161' title='bbox 1153 2012 1189 2043; x_wconf 83' lang='lat' dir='ltr'>et</span> <span class='ocrx_word' id='word_1_162' title='bbox 1222 2002 1264 2044; x_wconf 83' lang='lat' dir='ltr'>in</span> <span class='ocrx_word' id='word_1_163' title='bbox 1296 2002 1490 2058; x_wconf 73' lang='lat' dir='ltr'>Bithynia</span> 
     </span>
     <span class='ocr_line' id='line_1_26' title="bbox 128 2071 1484 2130; baseline 0.005 -19"><span class='ocrx_word' id='word_1_164' title='bbox 128 2072 505 2126; x_wconf 65' lang='lat' dir='ltr'>omnia-cofflitu2·t‚</span> <span class='ocrx_word' id='word_1_165' title='bbox 541 2071 631 2112; x_wconf 82' lang='lat' dir='ltr'>Dio</span> <span class='ocrx_word' id='word_1_166' title='bbox 659 2071 786 2124; x_wconf 84' lang='lat' dir='ltr'>LIV,</span> <span class='ocrx_word' id='word_1_167' title='bbox 820 2087 859 2130; x_wconf 91' lang='lat'>7.</span> <span class='ocrx_word' id='word_1_168' title='bbox 893 2074 1009 2116; x_wconf 84' lang='lat' dir='ltr'>etiam</span> <span class='ocrx_word' id='word_1_169' title='bbox 1042 2075 1194 2129; x_wconf 83' lang='lat' dir='ltr'>Syriam</span> <span class='ocrx_word' id='word_1_170' title='bbox 1231 2077 1349 2118; x_wconf 85' lang='lat' dir='ltr'>adiit.</span> <span class='ocrx_word' id='word_1_171' title='bbox 1380 2077 1484 2118; x_wconf 84' lang='lat' dir='ltr'>ibid.</span> 
     </span>
     <span class='ocr_line' id='line_1_27' title="bbox 129 2141 1489 2201; baseline 0.004 -17"><span class='ocrx_word' id='word_1_172' title='bbox 129 2141 278 2184; x_wconf 78' lang='lat' dir='ltr'>lustin.</span> <span class='ocrx_word' id='word_1_173' title='bbox 303 2143 455 2194; x_wconf 88' lang='lat' dir='ltr'>XLII,</span> <span class='ocrx_word' id='word_1_174' title='bbox 479 2151 519 2198; x_wconf 80' lang='lat'>5.</span> <span class='ocrx_word' id='word_1_175' title='bbox 594 2143 717 2185; x_wconf 84' lang='lat' dir='ltr'>Hane</span> <span class='ocrx_word' id='word_1_176' title='bbox 740 2145 920 2200; x_wconf 83' lang='lat' dir='ltr'>Augusti</span> <span class='ocrx_word' id='word_1_177' title='bbox 941 2146 985 2187; x_wconf 88' lang='lat' dir='ltr'>in</span> <span class='ocrx_word' id='word_1_178' title='bbox 1010 2147 1241 2200; x_wconf 87' lang='lat' dir='ltr'>prouinciis</span> <span class='ocrx_word' id='word_1_179' title='bbox 1263 2149 1489 2201; x_wconf 84' lang='lat' dir='ltr'>adeundis,</span> 
     </span>
     <span class='ocr_line' id='line_1_28' title="bbox 127 2215 1489 2278; baseline 0.007 -23"><span class='ocrx_word' id='word_1_180' title='bbox 127 2216 299 2271; x_wconf 83' lang='lat' dir='ltr'>dignam</span> <span class='ocrx_word' id='word_1_181' title='bbox 334 2217 523 2271; x_wconf 85' lang='lat' dir='ltr'>principe</span> <span class='ocrx_word' id='word_1_182' title='bbox 563 2225 706 2266; x_wconf 84' lang='lat' dir='ltr'>tanto,</span> <span class='ocrx_word' id='word_1_183' title='bbox 750 2215 991 2256; x_wconf 88' lang='lat' dir='ltr'>industriam</span> <span class='ocrx_word' id='word_1_184' title='bbox 1022 2219 1229 2270; x_wconf 83' lang='lat' dir='ltr'>praedicat</span> <span class='ocrx_word' id='word_1_185' title='bbox 1250 2220 1489 2278; x_wconf 85' lang='lat' dir='ltr'>Virgilius,</span> 
     </span>
     <span class='ocr_line' id='line_1_29' title="bbox 127 2287 1490 2340; baseline 0.005 -12"><span class='ocrx_word' id='word_1_186' title='bbox 127 2289 238 2333; x_wconf 88' lang='lat' dir='ltr'>Aen.</span> <span class='ocrx_word' id='word_1_187' title='bbox 263 2287 348 2340; x_wconf 81' lang='lat' dir='ltr'>VI,</span> <span class='ocrx_word' id='word_1_188' title='bbox 373 2290 454 2332; x_wconf 85' lang='lat'>802</span> <span class='ocrx_word' id='word_1_189' title='bbox 470 2313 488 2320; x_wconf 90' lang='lat'>-</span> <span class='ocrx_word' id='word_1_190' title='bbox 505 2290 602 2332; x_wconf 85' lang='lat'>806.</span> <span class='ocrx_word' id='word_1_191' title='bbox 626 2289 712 2337; x_wconf 85' lang='lat' dir='ltr'>Nec</span> <span class='ocrx_word' id='word_1_192' title='bbox 732 2303 822 2333; x_wconf 82' lang='lat' dir='ltr'>vero</span> <span class='ocrx_word' id='word_1_193' title='bbox 844 2287 997 2332; x_wconf 84' lang='lat' dir='ltr'>Alcides</span> <span class='ocrx_word' id='word_1_194' title='bbox 1018 2299 1168 2334; x_wconf 82' lang='lat' dir='ltr'>tantum</span> <span class='ocrx_word' id='word_1_195' title='bbox 1188 2292 1341 2335; x_wconf 84' lang='lat' dir='ltr'>telluris</span> <span class='ocrx_word' id='word_1_196' title='bbox 1367 2294 1490 2335; x_wconf 86' lang='lat' dir='ltr'>obiuit</span> 
     </span>
     <span class='ocr_line' id='line_1_30' title="bbox 126 2360 1224 2417; baseline 0.005 -15"><span class='ocrx_word' id='word_1_197' title='bbox 126 2371 209 2402; x_wconf 87' lang='lat' dir='ltr'>etc.</span> <span class='ocrx_word' id='word_1_198' title='bbox 234 2362 290 2402; x_wconf 93' lang='lat' dir='ltr'>cf.</span> <span class='ocrx_word' id='word_1_199' title='bbox 317 2360 491 2403; x_wconf 87' lang='lat' dir='ltr'>Sueton.</span> <span class='ocrx_word' id='word_1_200' title='bbox 516 2376 554 2402; x_wconf 90' lang='lat' dir='ltr'>c.</span> <span class='ocrx_word' id='word_1_201' title='bbox 576 2375 647 2417; x_wconf 86' lang='lat'>47.</span> <span class='ocrx_word' id='word_1_202' title='bbox 1221 2378 1224 2381; x_wconf 83' lang='grc'><em>·</em></span> 
     </span>
    </p>

    <p class='ocr_par' dir='ltr' id='par_1_9' title="bbox 129 2433 1492 2789">
     <span class='ocr_line' id='line_1_31' title="bbox 185 2433 1483 2491; baseline 0.003 -16"><span class='ocrx_word' id='word_1_203' title='bbox 185 2433 300 2476; x_wconf 88' lang='lat' dir='ltr'>Cum</span> <span class='ocrx_word' id='word_1_204' title='bbox 321 2436 366 2476; x_wconf 90' lang='lat' dir='ltr'>in</span> <span class='ocrx_word' id='word_1_205' title='bbox 388 2433 551 2491; x_wconf 85' lang='lat' dir='ltr'>Syriam</span> <span class='ocrx_word' id='word_1_206' title='bbox 572 2434 823 2487; x_wconf 72' lang='lat' dir='ltr'>aduenisset,</span> <span class='ocrx_word' id='word_1_207' title='bbox 848 2434 1072 2488; x_wconf 82' lang='lat' dir='ltr'>Phraates,</span> <span class='ocrx_word' id='word_1_208' title='bbox 1093 2438 1252 2480; x_wconf 89' lang='lat' dir='ltr'>veritus</span> <span class='ocrx_word' id='word_1_209' title='bbox 1285 2453 1337 2481; x_wconf 90' lang='lat' dir='ltr'>ne</span> <span class='ocrx_word' id='word_1_210' title='bbox 1369 2438 1483 2480; x_wconf 87' lang='lat' dir='ltr'>bello</span> 
     </span>
     <span class='ocr_line' id='line_1_32' title="bbox 129 2507 1488 2566; baseline 0.007 -20"><span class='ocrx_word' id='word_1_211' title='bbox 129 2515 335 2566; x_wconf 81' lang='lat' dir='ltr'>peteretur</span> <span class='ocrx_word' id='word_1_212' title='bbox 349 2539 362 2562; x_wconf 79' lang='grc'>,</span> <span class='ocrx_word' id='word_1_213' title='bbox 380 2507 494 2565; x_wconf 72' lang='lat' dir='ltr'>signa</span> <span class='ocrx_word' id='word_1_214' title='bbox 507 2508 699 2565; x_wconf 81' lang='lat' dir='ltr'>Augusto</span> <span class='ocrx_word' id='word_1_215' title='bbox 715 2524 812 2550; x_wconf 89' lang='lat' dir='ltr'>cum</span> <span class='ocrx_word' id='word_1_216' title='bbox 829 2511 1009 2565; x_wconf 85' lang='lat' dir='ltr'>captiuis</span> <span class='ocrx_word' id='word_1_217' title='bbox 1026 2520 1070 2552; x_wconf 83' lang='lat' dir='ltr'>et</span> <span class='ocrx_word' id='word_1_218' title='bbox 1083 2513 1344 2554; x_wconf 79' lang='lat' dir='ltr'>exercituum</span> <span class='ocrx_word' id='word_1_219' title='bbox 1360 2512 1488 2555; x_wconf 79' lang='lat' dir='ltr'>Rom.</span> 
     </span>
     <span class='ocr_line' id='line_1_33' title="bbox 130 2579 1490 2641; baseline 0.005 -22"><span class='ocrx_word' id='word_1_220' title='bbox 130 2579 270 2638; x_wconf 84' lang='lat' dir='ltr'>spoliis</span> <span class='ocrx_word' id='word_1_221' title='bbox 291 2581 456 2624; x_wconf 84' lang='lat' dir='ltr'>remifit.</span> <span class='ocrx_word' id='word_1_222' title='bbox 501 2582 602 2638; x_wconf 73' lang='lat' dir='ltr'>Qua</span> <span class='ocrx_word' id='word_1_223' title='bbox 622 2597 664 2624; x_wconf 90' lang='lat' dir='ltr'>re</span> <span class='ocrx_word' id='word_1_224' title='bbox 686 2583 794 2624; x_wconf 89' lang='lat' dir='ltr'>nihil</span> <span class='ocrx_word' id='word_1_225' title='bbox 817 2584 866 2623; x_wconf 85' lang='lat' dir='ltr'>ad</span> <span class='ocrx_word' id='word_1_226' title='bbox 889 2583 1068 2640; x_wconf 84' lang='lat' dir='ltr'>Augusti</span> <span class='ocrx_word' id='word_1_227' title='bbox 1090 2581 1266 2641; x_wconf 86' lang='lat' dir='ltr'>gloriam</span> <span class='ocrx_word' id='word_1_228' title='bbox 1288 2585 1490 2626; x_wconf 70' lang='lat' dir='ltr'>illustrius</span> 
     </span>
     <span class='ocr_line' id='line_1_34' title="bbox 130 2655 1488 2711; baseline 0.004 -18"><span class='ocrx_word' id='word_1_229' title='bbox 130 2667 315 2707; x_wconf 67' lang='lat' dir='ltr'>vnquam</span> <span class='ocrx_word' id='word_1_230' title='bbox 336 2655 493 2697; x_wconf 59' lang='lat' dir='ltr'>facium</span> <span class='ocrx_word' id='word_1_231' title='bbox 513 2657 646 2697; x_wconf 89' lang='lat' dir='ltr'>visum</span> <span class='ocrx_word' id='word_1_232' title='bbox 667 2656 747 2708; x_wconf 67' lang='lat' dir='ltr'>est.</span> <span class='ocrx_word' id='word_1_233' title='bbox 771 2673 812 2698; x_wconf 89' lang='lat' dir='ltr'>v.</span> <span class='ocrx_word' id='word_1_234' title='bbox 837 2655 926 2698; x_wconf 92' lang='lat' dir='ltr'>Dio</span> <span class='ocrx_word' id='word_1_235' title='bbox 948 2656 1075 2711; x_wconf 86' lang='lat' dir='ltr'>LIV,</span> <span class='ocrx_word' id='word_1_236' title='bbox 1099 2660 1139 2701; x_wconf 88' lang='lat'>8.</span> <span class='ocrx_word' id='word_1_237' title='bbox 1173 2668 1216 2701; x_wconf 83' lang='lat' dir='ltr'>et</span> <span class='ocrx_word' id='word_1_238' title='bbox 1237 2660 1294 2700; x_wconf 78' lang='lat' dir='ltr'>ibi</span> <span class='ocrx_word' id='word_1_239' title='bbox 1320 2658 1488 2703; x_wconf 84' lang='lat' dir='ltr'>Fabric.</span> 
     </span>
     <span class='ocr_line' id='line_1_35' title="bbox 131 2722 1492 2789; baseline 0.005 -23"><span class='ocrx_word' id='word_1_240' title='bbox 131 2722 279 2789; x_wconf 71' lang='lat' dir='ltr'>Itaque</span> <span class='ocrx_word' id='word_1_241' title='bbox 300 2735 548 2786; x_wconf 79' lang='lat' dir='ltr'>magnopere</span> <span class='ocrx_word' id='word_1_242' title='bbox 568 2730 763 2786; x_wconf 81' lang='lat' dir='ltr'>inprimis</span> <span class='ocrx_word' id='word_1_243' title='bbox 800 2745 824 2773; x_wconf 87' lang='lat' dir='ltr'>a</span> <span class='ocrx_word' id='word_1_244' title='bbox 858 2731 992 2788; x_wconf 80' lang='lat' dir='ltr'>poetis</span> <span class='ocrx_word' id='word_1_245' title='bbox 1013 2727 1071 2778; x_wconf 49' lang='lat' dir='ltr'>&#39;ea</span> <span class='ocrx_word' id='word_1_246' title='bbox 1104 2746 1168 2779; x_wconf 77' lang='lat' dir='ltr'>res</span> <span class='ocrx_word' id='word_1_247' title='bbox 1191 2726 1421 2782; x_wconf 51' lang='lat' dir='ltr'>&#39;extollitur</span> <span class='ocrx_word' id='word_1_248' title='bbox 1449 2741 1492 2773; x_wconf 86' lang='lat' dir='ltr'>et</span> 
     </span>
    </p>

    <p class='ocr_par' dir='ltr' id='par_1_10' title="bbox 696 2803 1489 2862">
     <span class='ocr_line' id='line_1_36' title="bbox 696 2803 1489 2862; baseline -0.005 -14"><span class='ocrx_word' id='word_1_249' title='bbox 696 2803 733 2848; x_wconf 88' lang='grc' dir='ltr'>Ε</span> <span class='ocrx_word' id='word_1_250' title='bbox 766 2818 796 2862; x_wconf 74' lang='lat'>4</span> <span class='ocrx_word' id='word_1_251' title='bbox 1254 2803 1489 2861; x_wconf 67' lang='lat' dir='ltr'>magnificis</span> 
     </span>
    </p>
   </div>
   <div class='ocr_carea' id='block_1_6' title="bbox 633 2928 650 2954">
    <p class='ocr_par' dir='ltr' id='par_1_11' title="bbox 633 2928 650 2954">
     <span class='ocr_line' id='line_1_37' title="bbox 633 2928 650 2954; baseline 0 0"><span class='ocrx_word' id='word_1_252' title='bbox 633 2928 650 2954; x_wconf 63' lang='lat' dir='ltr'>b.</span> 
     </span>
    </p>
   </div>
  </div>
 </body>
</html>
