1733 3076
298 125 382 180 332
524 108 576 154 P.
595 110 821 153 V1R01L11
842 105 1381 152 MAR0N1sszoR01CA.
1489 108 1588 166 Lib.
1614 125 1663 169 3²7

295 216 580 266 Perfundunt‚
613 213 786 269 udisque
808 213 912 258 aries
934 213 978 253 in
999 212 1167 268 gurgite
1186 211 1301 254 villis

296 291 526 338 Mersatur,
556 285 778 341 missusque
800 275 982 328 secundo
999 283 1148 327 defluit
1169 284 1282 327 amni
1303 299 1313 324 :

297 367 390 411 Aut
411 361 580 404 tonsum
601 360 706 406 tristi
729 359 986 414 contingunt
1007 370 1158 417 corpus
1176 370 1365 409 amurca,

298 437 357 480 Et
379 436 542 491 spumas
564 433 739 475 miscent
760 429 939 487 argenti,
972 428 1353 483 vivaquesulfura,
1478 486 1484 489 .

297 509 522 564 Idaeasque
542 508 675 570 pices,
706 515 747 547 et
770 503 939 561 pinguis
963 502 1151 558 unguine
1166 517 1302 555 ceras,
1525 557 1544 564 A
1574 519 1662 566 455
1703 558 1711 563 .

298 580 579 636 Scillamque,
610 578 897 633 elleborosque
918 576 1074 632 gravis,
1108 576 1364 632 nigrumque
1385 577 1594 623 bitumen.

296 654 405 696 Non
427 664 568 695 tamen
590 652 677 692 ulla
699 651 830 707 magis
854 649 1039 704 praesens
1061 648 1232 691 fortuna
1249 651 1445 692 laborum
1464 651 1539 703 est,

299 728 447 784 Qam
469 726 497 769 fi
517 728 613 783 quis
635 727 744 767 ferro
766 723 905 779 potuit
927 722 1155 762 rescindere
1178 723 1387 763 summum
1625 755 1659 779 ,ἡ

298 801 472 843 Ulceris
493 816 554 842 os.
610 800 744 842 alitur
766 796 936 847 viti-um,
968 796 1159 850 vivitque
1178 797 1358 853 tegendo
1380 812 1389 836 :

299 873 421 919 Dum
441 873 622 914 medicas
643 870 838 912 adhibere
858 883 1006 910 manus
1029 869 1078 909 ad
1102 868 1271 913 volnera
1289 869 1427 924 pastor
1580 882 1665 931 455

302 947 522 1002 Abnegat,
553 954 595 985 et
618 944 789 985 meliora
811 944 908 984 deos
931 942 1040 988 sedet
1062 944 1204 995 omina
1224 944 1413 997 poscens,

303 1020 426 1076 Qin
450 1020 578 1060 etiam
600 1019 683 1062 ima
704 1018 824 1059 dolor
845 1017 1062 1059 balantum
1084 1016 1221 1057 labsus
1244 1017 1292 1057 ad
1315 1016 1397 1057 offa

302 1093 420 1138 Cum
440 1094 561 1144 furit,
592 1102 720 1147 ,atque
742 1101 856 1133 artus
877 1090 1114 1144 depascitur
1136 1090 1250 1136 arida
1272 1090 1416 1143 febris,

302 1165 470 1207 Profuit
491 1164 681 1206 incensos
703 1163 834 1211 aestus
857 1172 1056 1214 avertere,
1083 1172 1130 1203 et
1151 1163 1258 1207 inter

303 1239 397 1281 Ima
419 1239 537 1281 ferire
559 1238 674 1293 pedis
693 1237 914 1278 *salientem
934 1237 1137 1294 sanguine
1159 1251 1306 1279 venam
1324 1254 1333 1279 :
1582 1238 1668 1295 460
1715 1237 1723 1274 ‘e

304 1312 487 1356 Bisaltae
505 1328 593 1368 quo
615 1327 729 1353 more
750 1311 903 1362 solent,
936 1324 1114 1366 acerque
1136 1308 1352 1362 Gelonus,
1446 1359 1448 1361 ,

305 1387 422 1430 Cum
443 1387 555 1443 fugit
578 1386 621 1426 in
645 1385 899 1440 Rhodopen,
932 1394 1059 1440 atque
1080 1384 1123 1425 in
1145 1384 1304 1427 deserta
1324 1383 1553 1438 Getarum,

305 1461 366 1510 Et
386 1461 451 1502 lac
473 1469 719 1506 concretum
737 1474 836 1503 cum
859 1459 1059 1514 sanguine
1081 1466 1199 1513 potat
1219 1457 1390 1512 equino·
1541 1440 1543 1442 Ι

305 1535 453 1591 Qam
475 1533 621 1590 procul
644 1542 718 1577 aut
738 1532 857 1575 molli
880 1532 1095 1581 succedere
1119 1531 1278 1586 saepius
1301 1531 1469 1573 umbrae

307 1608 495 1659 Videris,
527 1615 600 1648 aut
622 1607 801 1648 summas
823 1617 1062 1661 carpentem
1085 1606 1279 1662 ignavius
1302 1605 1468 1657 herbas,
1584 1607 1669 1663 465

306 1682 637 1737 Extremamque
661 1681 790 1736 sequi,
824 1690 898 1720 aut
918 1680 1058 1720 medio
1079 1678 1355 1733 procumbere
1377 1692 1525 1737 campo

306 1756 569 1807 Pascentem,
601 1764 644 1796 et
666 1755 772 1795 serae
795 1753 922 1794 solam
941 1753 1139 1794 decedere
1161 1752 1273 1794 noeii
1291 1771 1304 1803 ;

309 1829 534 1880 Continuo
555 1828 721 1883 culpam
747 1827 856 1874 {erro
879 1826 1096 1881 conpesce,
1130 1826 1246 1880 prius
1269 1840 1396 1880 quam

310 1904 418 1949 Dira
439 1919 508 1959 per
529 1904 747 1949 incautum
771 1902 932 1956 serpant
954 1900 1150 1961 contagia
1171 1899 1337 1955 volgus.

310 1979 419 2021 Non
441 1990 526 2020 tarn
548 1978 689 2018 creber
712 1990 839 2032 agens
860 1975 1041 2018 hiemem
1062 1973 1149 2014 ruit
1170 1988 1347 2028 aequore
1369 1974 1510 2024 turbo,
1588 1986 1676 2031 470

315 2044 461 2108 Qam
483 2051 640 2092 multae
663 2049 874 2104 pecudum
898 2047 1040 2102 pestes.
1104 2061 1182 2087 nec
1206 2044 1367 2102 singula
1388 2047 1524 2088 moibi
1683 2069 1687 2093 χ
1715 2076 1722 2093 ‹

313 2127 506 2180 Corpora
526 2124 763 2178 corripiunt
783 2137 791 2161 :
829 2122 892 2162 sed
914 2130 1002 2161 tota
1023 2119 1173 2162 aestiva
1191 2129 1377 2174 repente,

315 2199 524 2255 Spemque
541 2211 795 2254 gregemque
809 2194 948 2245 fimul,
961 2193 1242 2248 cunctamque
1252 2194 1302 2234 ab
1313 2194 1477 2250 origine
1491 2202 1672 2249 gentem.

316 2273 441 2317 'sum
463 2273 582 2322 sciat,
613 2271 742 2313 aerias
765 2269 908 2325 Alpis,
939 2277 981 2309 et
1003 2267 1166 2309 Norica
1188 2266 1215 2307 fi
1239 2268 1333 2323 quis

370 2434 458 2487 568.
492 2434 580 2476 And
588 2435 697 2484 fierce
725 2432 935 2484 Gelonian.]
969 2432 1121 2470 Several
1152 2431 1331 2470 northern
1360 2429 1511 2467 nations
1538 2437 1577 2467 at
1602 2427 1682 2471 this
1715 2433 1718 2435 “

316 2487 409 2525 time
429 2487 544 2525 drink
578 2489 714 2525 marc's
750 2486 847 2523 mill<
878 2484 1006 2523 mixed
1024 2485 1118 2523 with
1139 2484 1267 2522 blood.
1325 2484 1436 2533 Pliny
1464 2482 1559 2532 says,
1589 2482 1678 2533 they

317 2540 446 2580 mixed
466 2540 589 2578 millet
609 2541 700 2578 with
720 2539 765 2577 Ξῖ.
823 2540 912 2576 The
932 2539 1090 2575 Tartars
1112 2537 1172 2575 use
1192 2538 1221 2575 it
1239 2548 1276 2574 to
1297 2537 1370 2574 this
1388 2535 1473 2585 day.

372 2597 462 2645 580.
496 2592 587 2631 This
604 2593 705 2632 truth
737 2604 771 2630 to
801 2592 944 2642 know]
977 2591 1063 2628 The
1093 2589 1192 2628 sense
1212 2590 1258 2634 is,
1293 2589 1331 2626 if
1354 2602 1427 2638 any
1456 2601 1527 2625 one
1549 2587 1701 2639 knowsr

318 2646 422 2682 what
442 2646 515 2684 sort
533 2646 580 2683 of
602 2647 729 2697 places
749 2645 851 2682 these
871 2658 984 2688 were,
1015 2644 1124 2681 when
1147 2644 1235 2692 they
1258 2656 1352 2679 were
1380 2642 1450 2678 full
1477 2641 1523 2679 of
1545 2641 1678 2685 cattle,
1732 2656 1733 2686 ;

317 2698 367 2735 he
388 2711 473 2747 may
492 2711 577 2737 now
597 2701 654 2737 see
672 2699 776 2736 them
796 2708 943 2750 empty,
966 2696 1112 2748 though
1131 2696 1162 2734 it
1180 2695 1209 2733 is
1231 2709 1252 2734 a
1272 2697 1363 2748 long
1385 2695 1475 2733 time
1501 2694 1599 2731 since
1616 2693 1678 2733 the
1700 2719 1712 2727 -
1732 2703 1733 2745 j

321 2751 536 2801 pestilence.
1439 2748 1648 2789 Samius,

987 2833 1014 2873 9
