1733 3076
291 113 428 158 PER
479 111 741 156 ANNos
793 110 1157 156 DIGESTA.
1329 79 1431 170 41x

53 220 281 272 Menalcan
315 221 360 261 in
391 235 439 261 eo
472 220 653 261 carmine
674 218 906 274 Virgilium
937 217 1255 274 intelligendum
1279 218 1385 271 esse,

40 296 136 336 ‘iam
171 293 488 348 Qintffilianus
525 293 688 333 monuit
708 290 808 330 lnst.
831 289 972 341 VIII,
1006 291 1056 342 6,
1078 305 1149 347 47.
1210 290 1386 332 Vetera-

51 381 148 417 nus,
163 367 282 411 cuius
300 367 490 407 audaciae
501 375 541 405 et
554 365 681 405 furori
697 363 906 419 Virgilius
920 365 992 404 vix
1007 365 1105 419 fuga
1117 365 1154 404 se
1167 364 1390 410 subducere

52 441 189 494 potuit
203 470 216 490 ,
239 441 288 482 ab
306 440 396 496 aliis
413 439 560 480 Arrius
578 436 765 477 centurio
780 466 792 485 ‚
815 436 864 476 ab
879 435 971 475 aliis
989 435 1192 487 Clodius,
1215 452 1236 476 a
1253 435 1389 478 Probo

51 509 242 552 Milenus
278 512 346 552 seu
376 509 583 551 Milienus
617 507 738 549 Toro
761 507 1028 561 primipilaris
1051 506 1166 547 fuiffe
1195 510 1388 551 traditur.

17 626 23 630 ,
52 582 128 625 Sed
151 584 198 624 de
219 585 283 624 his
304 584 620 638 disputationem
640 581 688 620 ad
711 580 931 622 Donatum
954 578 978 635 §
1003 593 1049 635 31
1075 580 1307 623 reiecimus.

109 655 310 697 Iniuriam
346 658 453 697 hanc
486 665 649 708 poetam
680 670 766 701 non
797 654 872 700 nisi
912 653 1056 696 Afinio
1087 652 1279 694 Pollione
1317 655 1387 695 fu-

51 739 167 785 gato,
198 738 411 782 expertum
431 726 531 777 effe,
564 738 751 768 narratur
772 728 815 769 in
837 727 952 768 Seru.
984 727 1032 768 ad
1051 725 1147 768 Ecl.
1186 725 1283 777 IX,
1320 740 1386 769 11.

52 819 149 857 quo,
181 800 386 851 Pollione,
407 803 578 857 fugata,
611 802 744 858 rursus
775 801 819 840 de
845 800 1020 854 praediis
1029 799 1118 856 suis
1127 800 1270 854 fuerat
1291 799 1331 843 V
1326 801 1388 841 ir-

47 875 169 928 gilius
189 874 375 930 expulsus.

61 983 64 987 .
110 946 153 987 Si
194 961 391 1001 quaeras,
421 960 503 1000 qua
536 946 695 986 ratione
723 954 841 1000 poeta
875 945 1026 986 iterum
1062 945 1106 984 in
1147 958 1265 1000 agros
1297 945 1390 986 suos

50 1019 241 1060 reduetus
263 1020 414 1068 fuerit,
448 1017 639 1058 Seruium
661 1017 784 1058 habes
807 1015 1045 1058 Comment.
1083 1018 1126 1061 in
1148 1016 1300 1057 Bucol.
1325 1032 1388 1071 pr.

51 1091 78 1148 §
104 1106 154 1144 14
175 1101 408 1131 narrantem
426 1106 433 1130 :
460 1091 593 1146 Postea
609 1091 656 1130 ab
678 1089 844 1145 Augzsto
861 1090 970 1146 miffis
992 1089 1216 1130 triumuiris
1230 1120 1243 1139 ‚
1266 1100 1302 1134 et
1321 1089 1393 1145 ipst

50 1163 196 1218 integer
216 1179 308 1217 ager
323 1165 372 1218 est
392 1161 563 1202 redditus
578 1194 590 1213 ,
614 1173 650 1203 et
663 1163 902 1205 Mantuanis
917 1175 988 1219 pro
1000 1171 1128 1219 parte.
1192 1160 1244 1201 In
1262 1176 1388 1216 quam

51 1237 294 1278 sententiam
330 1235 435 1275 idem
469 1235 568 1274 ibid.
604 1236 896 1289 interpretatur
915 1236 1052 1276 versus
1086 1249 1131 1277 11
1168 1234 1257 1289 sqq.
1291 1234 1388 1283 Ecl,

51 1308 133 1351 IX.
197 1309 284 1349 Vix
319 1318 456 1348 tamen
489 1308 591 1347 illud
628 1310 705 1349 hoc
740 1310 825 1362 ipso
856 1323 964 1349 anno
996 1307 1081 1348 fieri
1105 1308 1274 1361 potuit,
1306 1323 1392 1362 quo

13 1370 20 1376 .
50 1384 207 1427 bellum
234 1381 474 1422 Perufinum
494 1380 667 1431 exarfit,
699 1397 784 1436 quo
816 1382 896 1421 late
929 1380 1051 1421 Italia
1087 1381 1388 1435 conflagraret3

51 1457 190 1510 itaque
208 1457 324 1496 rebus
342 1456 505 1496 demum
523 1454 710 1507 pastione
730 1453 977 1496 Brundisina
998 1470 1034 1494 a.
1055 1468 1138 1509 714
1154 1451 1391 1506 compositis

50 1529 92 1570 id
113 1528 187 1569 effe
209 1529 390 1577 fafiturn,
423 1527 571 1567 reclius
594 1526 711 1579 ponit
732 1524 947 1565 Martinus
969 1541 1010 1578 p.
1035 1524 1112 1565 LI.

107 1600 357 1641 Mantuanis
389 1609 525 1639 autem
561 1597 678 1642 simul
712 1598 755 1637 in
779 1597 952 1652 Virgilii
989 1599 1164 1654 gratiam
1197 1612 1390 1653 agrorum

51 1683 208 1728 partem
228 1672 455 1712 restitutam
477 1669 619 1720 fuiffe,
653 1671 746 1710 satis
774 1670 983 1724 probabile
1015 1670 1062 1711 fit
1081 1685 1133 1712 ex
1164 1670 1260 1715 Eel.
1291 1669 1388 1724 IX,

50 1760 204 1807 7-10.
238 1746 296 1796 cf,
322 1744 436 1785 Seru.
461 1743 524 1785 ad.
550 1742 607 1783 V.
635 1757 700 1785 10.

574 1856 631 1896 V.
667 1855 720 1897 C.
756 1871 852 1912 714.

190 1933 263 1987 Cn.
286 1931 487 1974 Domitius
508 1929 697 1970 Caluinus
719 1930 787 1970 II.
863 1929 908 1970 C.
933 1928 1087 1985 Afinius
1107 1928 1247 1973 Pollio.

404 2002 574 2043 Suffe&i
597 2003 669 2042 sub
692 2004 851 2042 exitum
873 2003 970 2042 anni
989 2017 999 2041 ;
1023 2002 1050 2028 *

317 2078 369 2120 L.
392 2076 592 2118 Cornelius
613 2074 776 2116 Balbus.
840 2075 892 2116 P.
916 2075 1121 2116 Canidius.

460 2165 496 2188 α.
522 2148 567 2188 C.
592 2162 661 2201 40.
723 2147 889 2202 Virgilii
907 2149 972 2198 ἐξ.

107 2220 277 2272 Bellum
312 2218 566 2260 Perusinum.
606 2217 868 2260 Gestauianus
899 2217 952 2258 L.
988 2218 1228 2260 Antonium
1258 2216 1393 2258 Peru-⁴

49 2293 227 2348 fiamque
247 2294 390 2334 vrbem
411 2292 618 2331 deditione
640 2292 806 2345 accipit.
870 2290 1009 2340 Cum,
1047 2289 1115 2330 M.
1139 2290 1318 2331 Antonii
1347 2290 1392 2343 in

51 2364 215 2406 Italiam
237 2366 417 2405 aduentu
432 2396 444 2414 ,
478 2365 658 2404 maxima
678 2364 892 2414 omnium,
929 2378 981 2404 ne
1000 2361 1160 2403 bellum
1179 2362 1390 2403 recrudes-

52 2448 187 2498 ceret,
220 2437 457 2480 sollicitudo
488 2436 610 2486 effet,
643 2435 695 2476 L.
735 2434 945 2486 Cocceio,
978 2435 1193 2477 communi
1226 2435 1390 2485 amico,

51 2526 147 2569 cum
167 2521 341 2567 vtroque
362 2521 507 2569 agente
522 2541 536 2561 ‚
567 2519 608 2550 et
628 2507 873 2549 Maecenate
893 2517 935 2548 et
954 2506 1146 2555 Pollione
1165 2507 1389 2560 adhibitis,

102 2665 125 2688 ⁸
154 2663 270 2716 Apud
306 2665 463 2703 Gruter.
498 2678 537 2715 p.
571 2662 620 2700 C.
644 2665 681 2700 8.
700 2663 872 2699 Marmor
902 2661 1049 2707 visitur,
1077 2675 1113 2700 a.
1149 2661 1188 2700 d.
1218 2661 1295 2702 IV.
1327 2659 1390 2704 Id.

52 2729 209 2787 QCtobr.
231 2730 306 2785 Cn.
327 2731 505 2785 Domitio
522 2740 560 2783 et
580 2732 630 2785 C.
652 2731 783 2772 Afinio
800 2730 901 2784 Coff·
922 2730 1163 2785 inscriptum.
1258 2788 1268 2796 ψ
