1733 3076
338 43 421 89 266
575 40 624 84 P.
649 39 872 80 VIRGILH
896 35 1128 77 MARONIS
1153 34 1429 80 GEORGICA.
1530 37 1627 80 Lib.
1647 54 1689 85 2.

338 162 434 205 Hoc
457 161 529 201 ubi
545 178 558 210 3
591 174 678 200 non
700 172 723 198 a
741 156 862 210 stirpe
883 155 1041 204 valent,
1074 153 1296 208 caesaeque
1316 157 1464 197 reverti

274 223 279 229 ,
336 233 528 283 Possunt,
561 240 686 285 atque
708 231 790 270 ima
811 227 960 269 ssmiles
983 226 1226 268 revirescere
1247 234 1356 267 terra
1376 241 1386 266 :

338 307 495 348 Infelix
520 305 681 356 superat
703 302 816 344 foliis
837 300 1005 342 oleaster
1026 299 1188 341 amaris.

338 379 435 420 Nec
458 377 534 417 tibi
559 385 641 416 tam
664 374 844 429 prudens
866 374 1086 428 quisquam
1108 372 1347 426 persuadeat
1367 374 1528 427 audior,
1565 404 1567 406 -
1608 388 1692 432 315

338 450 562 491 Tellurem
584 448 716 489 Borea
732 448 909 504 rigidam
931 446 1106 501 spirante
1127 446 1298 486 moveri.
1707 463 1715 469 -

336 523 458 571 Rura
477 521 573 578 gelu
595 530 685 561 tum
707 520 866 562 claudit
887 521 1018 560 hiems
1036 533 1044 557 :
1079 532 1155 559 nec
1175 519 1324 559 semine
1340 520 1454 576 justo

339 595 593 638 Concretam
616 593 776 647 patitur
797 592 976 632 radicem
998 589 1174 646 adfigere
1197 599 1339 633 terrae.

341 668 522 723 Optima
541 667 694 708 vinetis
718 665 838 716 satio,
871 679 968 705 curn
989 677 1080 703 vere
1101 664 1268 704 rubenti

340 741 533 784 Candida
553 741 668 782 venit
688 739 774 780 avis
796 738 934 793 longis
957 737 1087 778 invisa
1107 736 1290 778 colubris
1310 750 1320 776 :
1613 749 1694 792 320

340 816 481 859 Prima
500 815 564 856 vel
590 812 803 854 anetumni
828 811 900 852 sub
924 811 1095 866 frigora,
1128 824 1226 853 cum
1246 809 1415 864 rapidus
1439 808 1508 849 Sol

340 888 549 930 Nondum
570 888 750 928 hiemem
770 885 987 941 contingit
1006 884 1139 939 equis.
1197 886 1285 940 jam
1307 883 1503 937 praeterit
1523 880 1665 927 aestaS,

342 963 430 1003 Ver
451 962 550 1002 adeo
571 961 709 1009 frondi
732 974 965 1008 nemorum,
998 973 1068 999 ver
1090 956 1194 998 utile
1215 956 1324 999 silvis
1342 971 1352 997 ε

342 1033 454 1075 Vere
476 1042 641 1074 tument
662 1041 807 1083 terrae,
838 1042 880 1072 et
901 1030 1101 1087 genitalia
1122 1029 1275 1070 semina
1296 1028 1488 1082 poscunt.

341 1107 464 1148 Tum
486 1117 600 1161 pater
619 1105 884 1158 omnipotens
905 1103 1094 1144 fecundis
1116 1100 1318 1143 imbribus
1338 1100 1507 1153 Aether*
1614 1107 1693 1156 325
1716 1087 1720 1091 ⁹

343 1180 454 1237 Conj
464 1180 555 1235 ugis
578 1180 621 1220 in
643 1177 850 1234 gremium
871 1175 1000 1216 laetae
1021 1173 1246 1223 descendit,
1277 1181 1318 1212 et
1338 1185 1478 1212 omnes
1710 1155 1730 1177 ’ὅ

343 1251 538 1308 Magnus
557 1251 651 1302 alit,
683 1264 837 1305 magno
857 1248 1100 1289 conmixtus
1122 1260 1310 1300 corpore,
1343 1245 1496 1285 foetus.

342 1325 454 1366 Avia
474 1333 565 1364 tum
585 1324 778 1363 resonant
798 1320 943 1362 avibus
963 1319 1146 1376 virgulta
1167 1319 1348 1369 canoris,

342 1398 404 1441 Et
422 1412 613 1440 venerem
640 1396 764 1436 certis
786 1404 980 1450 repetunt
1001 1405 1187 1435 armenta
1208 1393 1350 1433 diebus
1370 1406 1379 1430 ε

343 1471 530 1513 Parturit
551 1470 685 1510 almus
707 1483 818 1525 ager,
853 1468 1128 1524 Zephyrique
1150 1465 1387 1521 tepentibus
1409 1464 1517 1504 auris
1618 1452 1723 1524 33οῇ

344 1544 515 1587 Laxant
536 1559 631 1586 arva
649 1543 774 1585 finus.
837 1543 999 1596 superat
1021 1551 1135 1581 tener
1156 1539 1355 1581 omnibus
1377 1538 1557 1586 l1u1n0r3

345 1616 483 1672 Inque
504 1631 634 1658 novos
657 1615 760 1656 soles
783 1615 936 1656 audent
958 1614 994 1654 se
1017 1614 1207 1670 germina
1227 1622 1320 1652 tuto

346 1689 526 1732 Credere
547 1703 556 1728 :
591 1703 667 1729 nec
689 1688 840 1729 metuit
862 1688 1066 1743 surgentis
1089 1686 1312 1741 pampinus
1335 1683 1529 1734 Austros,

347 1763 440 1804 Aut
461 1762 599 1803 aecum
621 1760 736 1801 caelo
758 1763 920 1816 magnis
943 1760 1235 1815 Aquilonibus
1259 1757 1432 1798 imbrem
1453 1769 1462 1795 z

347 1836 425 1878 Sed
448 1834 578 1876 trudit
598 1849 798 1891 gemmas,
830 1843 870 1874 et
890 1832 1048 1874 frondis
1069 1831 1252 1886 explicat
1274 1829 1428 1870 omnis.
1617 1837 1697 1885 335

346 1909 452 1951 Non
474 1909 576 1949 alios
599 1908 733 1962 prima
754 1907 974 1948 crescentis
997 1906 1158 1961 origine
1179 1903 1325 1944 mundi
1636 1889 1638 1891 ‚

347 1980 547 2028 Inluxisse
568 1981 672 2032 dies,
705 1981 886 2021 aliumve
907 1978 1092 2020 habuiffe
1115 1987 1302 2018 tenorem

347 2054 625 2096 Crediderim.
687 2067 758 2094 ver
778 2051 882 2093 illud
904 2061 990 2092 erat
1010 2066 1018 2091 :
1053 2065 1123 2092 ver
1144 2063 1320 2105 magnus
1343 2048 1490 2104 agebat

348 2125 499 2179 Orbis,
529 2135 570 2167 et
593 2125 775 2167 hibernis
797 2123 1021 2179 parcebant
1042 2122 1209 2163 flatibus
1231 2120 1361 2162 Euri:

400 2289 490 2329 394.
513 2277 556 2315 In
565 2275 730 2328 spring]
754 2274 883 2312 There
905 2286 966 2311 are
990 2271 1060 2310 few
1077 2270 1242 2322 paffages
1257 2269 1297 2309 in
1313 2269 1376 2308 the
1397 2269 1584 2321 Georgics
1601 2281 1703 2308 more

348 2330 549 2381 charming
577 2331 668 2366 than
690 2328 763 2366 this
784 2325 1013 2377 description
1042 2325 1087 2361 of
1111 2323 1253 2374 spring.
1310 2323 1373 2360 He
1403 2322 1524 2360 strives
1553 2321 1646 2359 hard
1666 2331 1704 2360 to

349 2383 451 2419 excel
481 2382 697 2425 Lucretius,
727 2381 829 2418 butI
850 2393 912 2417 arn
934 2376 1056 2415 afraid
1080 2376 1110 2413 it
1135 2386 1274 2414 cannot
1294 2375 1340 2412 'oe
1367 2374 1444 2412 said
1469 2375 1551 2412 that
1570 2374 1618 2412 he
1637 2374 1703 2418 has

351 2435 449 2473 done
468 2434 513 2473 it.
538 2477 541 2480 ,
569 2435 657 2472 The
672 2436 826 2485 conjugis
845 2437 884 2470 in
899 2433 1070 2483 gremium
1090 2430 1121 2467 is
1140 2428 1338 2479 evidently
1357 2426 1474 2466 taken
1493 2426 1593 2465 from

455 2532 500 2568 In
512 2532 682 2582 gremium
701 2532 829 2567 matris
848 2531 964 2565 terrai
975 2527 1258 2577 praecipitavit.

351 2635 443 2675 And
466 2636 529 2674 the
560 2634 759 2687 following
788 2633 882 2674 lines
916 2633 961 2672 of
986 2633 1048 2671 the
1079 2630 1180 2670 same
1201 2628 1342 2676 writer,
1373 2639 1413 2670 to
1432 2629 1558 2669 whom
1578 2624 1729 2686 Virg31'“
