1733 3076
674 444 1203 501 ECLOGA
1299 446 1371 500 X.

735 613 1295 662 GALLUS.

441 718 670 771 Xtremum
691 725 823 775 hunc,
851 725 1075 778 Arethusa,
1105 727 1210 767 mihi
1232 725 1414 767 concede
1437 725 1638 768 laborem.

469 795 610 837 Pauca
632 811 725 841 meo
749 795 902 848 Gallo,
936 799 1002 839 scd
1026 813 1130 854 quae
1152 799 1263 855 legat
1285 799 1370 853 ipsa
1391 797 1589 855 Lycoris,

333 866 538 909 Carmina
562 869 657 909 sunt
677 869 868 910 dicenda.
933 882 1056 928 neget
1077 873 1172 927 quis
1193 873 1379 913 carmina
1402 869 1566 914 Gallo?

333 939 405 981 Sic
429 941 525 991 tibi,
558 955 655 981 cum
679 941 829 983 fluetus
852 944 989 986 subter
1021 946 1158 987 labere
1188 945 1381 997 Sicanos,

332 1011 464 1056 Doris
486 1029 624 1056 amara
647 1016 759 1056 suam
781 1032 867 1058 non
901 1019 1182 1060 intermisceat
1210 1019 1380 1060 undam.
1671 1031 1697 1076 5

332 1086 497 1142 Incipe.
561 1088 767 1131 sollicitos
789 1088 911 1132 Galli
934 1093 1122 1133 dicamus
1145 1107 1323 1142 amores,

331 1161 451 1205 Dum
473 1170 614 1204 tenera
636 1163 868 1205 adtondent
889 1164 1010 1206 simae
1031 1166 1217 1221 virgulta
1239 1164 1438 1219 capellae.

330 1234 436 1277 Non
459 1237 650 1277 canimus
672 1237 803 1279 surdis
822 1252 830 1277 :
866 1239 1116 1294 respondent
1136 1238 1278 1279 omnia
1299 1236 1437 1279 filvae.

324 1309 454 1362 Qae
475 1324 664 1362 nemora,
697 1321 769 1352 aut
797 1313 870 1367 qui
891 1328 966 1355 vos
989 1312 1116 1354 saltus
1139 1312 1337 1363 habuere,
1361 1311 1526 1366 puellae

325 1381 503 1435 Naides,
528 1385 705 1441 indigno
725 1401 822 1427 cum
845 1385 1004 1428 Gallus
1033 1401 1169 1427 amore
1190 1387 1342 1441 periret
1362 1385 1376 1426 ?
1642 1399 1695 1430 10

324 1454 441 1497 Nam
463 1472 598 1514 neque
619 1457 784 1500 Parnasi
807 1460 924 1501 vobis
940 1462 1061 1517 juga,
1087 1475 1182 1500 nam
1204 1474 1340 1515 neque
1367 1458 1494 1501 Pindi

326 1525 433 1571 Ulla
454 1546 613 1572 moram
635 1533 786 1584 fecere,
819 1548 954 1589 neque
977 1534 1142 1574 Aoniae
1164 1533 1424 1589 Aganippes.

323 1599 457 1645 Illum
477 1606 603 1646 etiam
624 1606 750 1658 lauri,
782 1607 904 1648 illurn
925 1607 1051 1648 etiam
1073 1608 1217 1649 flevere
1239 1608 1421 1663 myricae
1441 1621 1451 1647 2

325 1676 488 1721 Pinifer
508 1679 632 1720 illum
658 1681 786 1721 etiam
815 1680 900 1721 sola
921 1681 994 1721 sub
1017 1696 1116 1735 rupe
1132 1683 1344 1737 jacentem

321 1749 570 1802 Maenalus,
601 1762 642 1793 et
663 1752 790 1808 gelidi
812 1753 1016 1794 fleverunt
1044 1754 1138 1794 saxa
1158 1752 1331 1809 Lycaei.
1641 1764 1693 1809 15
1716 1790 1726 1804 ,

325 1821 450 1866 Stant
471 1835 512 1866 et
533 1841 630 1867 oves
654 1827 814 1867 circum
833 1840 842 1867 :
877 1826 1003 1867 nostri
1026 1841 1103 1867 nec
1126 1828 1311 1881 poenitet
1333 1825 1428 1867 illas
1447 1840 1457 1866 :

322 1898 420 1940 Nec
444 1908 483 1940 te
506 1899 922 1954 poeniteat-pecoris,
956 1897 1097 1939 divine
1125 1902 1272 1952 poeta:

319 1970 382 2014 Et
405 1973 609 2014 formosus
631 1973 718 2014 ovis
751 1971 799 2012 ad
829 1971 1002 2012 flumina
1027 1971 1141 2025 pavit
1162 1971 1342 2012 Adonis.

324 2043 460 2088 Venit
479 2057 520 2087 et
540 2047 673 2101 upilio
693 2060 701 2085 ε
737 2046 842 2087 tardi
864 2059 1011 2085 venere
1033 2043 1207 2084 bubulci
1229 2058 1237 2084 ε

322 2118 492 2161 Uvidus
515 2121 691 2160 hiberna
704 2119 830 2165 ‚venit
857 2118 905 2158 de
923 2117 1077 2173 glande
1101 2115 1340 2158 Menalcas.
1632 2131 1689 2163 20

324 2192 509 2244 Omnes,
545 2194 653 2233 unde
675 2207 791 2233 amor
813 2191 902 2242 iste,
926 2200 1093 2247 rogant,
1116 2190 1193 2230 tibi
1212 2189 1226 2229 ?
1261 2190 1376 2230 venit
1398 2189 1584 2245 Apollo:

323 2265 472 2319 Galle,
505 2267 608 2322 quid
631 2265 825 2308 insanis?
858 2267 1015 2321 inquit.
1077 2275 1151 2305 tua
1172 2278 1271 2304 cura
1292 2262 1472 2320 Lycoris
1659 2253 1662 2256 ⁴
1731 2274 1733 2292 Α

373 2417 468 2456 Ver.
496 2430 555 2457 ιο.
588 2417 707 2455 While
725 2416 874 2455 browze
891 2415 950 2453 the
962 2413 1107 2465 goats.]
1163 2410 1253 2450 The
1272 2409 1437 2461 original
1463 2408 1555 2449 calls
1581 2409 1688 2448 them

305 2472 420 2521 simae
457 2472 626 2521 capellae,
659 2468 883 2508 snub-nos‘d
919 2479 1043 2519 goms,
1075 2464 1199 2503 which
1233 2465 1310 2502 will
1341 2473 1409 2500 not
1441 2463 1528 2500 bear
1565 2471 1606 2501 to
1642 2463 1690 2500 be

318 2525 503 2562 rendered
532 2525 616 2563 into
646 2523 820 2575 English.
878 2521 978 2558 This
1011 2520 1041 2556 is
1072 2532 1145 2557 one
1173 2518 1339 2555 instance
1360 2528 1503 2574 aniong
1525 2528 1548 2551 a
1572 2515 1687 2575 thou-

320 2576 411 2615 sand
440 2577 521 2615 that
552 2591 640 2627 may
671 2577 717 2614 be
737 2576 868 2628 given,
897 2573 945 2611 of
967 2573 1030 2609 the
1063 2581 1162 2609 utter
1193 2568 1454 2620 impoffibility
1482 2567 1531 2626 o(
1550 2580 1688 2619 givmg
1726 2582 1730 2602 e

318 2642 392 2679 any
426 2630 684 2680 gracefulness
715 2639 753 2667 to
787 2641 900 2678 many
934 2626 1078 2675 images
1109 2624 1148 2660 in
1185 2623 1249 2660 the
1274 2621 1429 2666 claffics,
1459 2621 1585 2660 which
1603 2620 1643 2658 in
1665 2633 1687 2658 a

317 2683 413 2720 dead
435 2684 628 2734 language
648 2682 697 2720 do
718 2692 785 2719 not
804 2692 945 2730 appear
965 2678 1066 2728 gross
1085 2690 1128 2714 or
1147 2688 1355 2735 common..
1403 2725 1412 2733 ι
1542 2724 1551 2733 ο
1724 2706 1727 2721 1

378 2750 436 2786 13.
470 2737 596 2774 When»
613 2749 775 2784 wereye,
793 2731 974 2780 Naiads.]
1031 2729 1131 2767 This
1151 2743 1180 2765 ιε
1212 2728 1327 2779 finely
1345 2725 1520 2766 imitated
1540 2739 1580 2763 in
1602 2724 1686 2772 that

318 2789 509 2830 excellem
533 2788 640 2839 piece
660 2786 704 2826 of
727 2787 891 2831 Milton,
907 2782 1108 2828 intituled‚
1128 2780 1309 2834 Lycidas,
1339 2780 1410 2819 but
1426 2779 1458 2818 is
1477 2777 1687 2833 originally
1721 2762 1726 2849 ι’

319 2842 360 2881 in
384 2843 629 2882 Theocritus.
1720 2854 1724 2895 ᾗ
