<?xml version="1.0" encoding="UTF-8"?>
<!DOCTYPE html PUBLIC "-//W3C//DTD XHTML 1.0 Transitional//EN"
    "http://www.w3.org/TR/xhtml1/DTD/xhtml1-transitional.dtd">
<html xmlns="http://www.w3.org/1999/xhtml" xml:lang="en" lang="en">
 <head>
  <title>
</title>
<meta http-equiv="Content-Type" content="text/html;charset=utf-8" />
  <meta name='ocr-system' content='tesseract 3.04.00' />
  <meta name='ocr-capabilities' content='ocr_page ocr_carea ocr_par ocr_line ocrx_word'/>
</head>
<body>
  <div class='ocr_page' id='page_1' title='image "./worksofvirgilinl01virg_0416.png"; bbox 0 0 1733 3076; ppageno 0'>
   <div class='ocr_carea' id='block_1_1' title="bbox 256 94 1619 163">
    <p class='ocr_par' dir='ltr' id='par_1_1' title="bbox 256 94 1619 163">
     <span class='ocr_line' id='line_1_1' title="bbox 256 94 1619 163; baseline 0.005 -23"><span class='ocrx_word' id='word_1_1' title='bbox 256 98 347 162; x_wconf 68' lang='lat'>386</span> <span class='ocrx_word' id='word_1_2' title='bbox 371 139 374 141; x_wconf 87' lang='grc'><em>,</em></span> <span class='ocrx_word' id='word_1_3' title='bbox 495 97 545 142; x_wconf 89' lang='grc' dir='ltr'>Ρ.</span> <span class='ocrx_word' id='word_1_4' title='bbox 569 97 795 141; x_wconf 81' lang='lat' dir='ltr'>VIRGILII</span> <span class='ocrx_word' id='word_1_5' title='bbox 817 95 1051 138; x_wconf 79' lang='lat' dir='ltr'>MARoN1s</span> <span class='ocrx_word' id='word_1_6' title='bbox 1075 94 1353 142; x_wconf 61' lang='lat' dir='ltr'>GnonorcA.</span> <span class='ocrx_word' id='word_1_7' title='bbox 1452 101 1553 147; x_wconf 85' lang='lat' dir='ltr'>Lib.</span> <span class='ocrx_word' id='word_1_8' title='bbox 1570 111 1619 163; x_wconf 66' lang='lat' dir='ltr'>4⁴ss</span> 
     </span>
    </p>
   </div>
   <div class='ocr_carea' id='block_1_2' title="bbox 254 187 1633 2305">
    <p class='ocr_par' dir='ltr' id='par_1_2' title="bbox 258 187 1345 262">
     <span class='ocr_line' id='line_1_2' title="bbox 258 187 1345 262; baseline -0.004 -13"><span class='ocrx_word' id='word_1_9' title='bbox 258 206 354 262; x_wconf 83' lang='lat' dir='ltr'>Ipsa</span> <span class='ocrx_word' id='word_1_10' title='bbox 370 187 450 262; x_wconf 26' lang='lat' dir='ltr'>&#39;ego</span> <span class='ocrx_word' id='word_1_11' title='bbox 471 213 527 257; x_wconf 87' lang='lat' dir='ltr'>te,</span> <span class='ocrx_word' id='word_1_12' title='bbox 560 203 718 245; x_wconf 87' lang='lat' dir='ltr'>medios</span> <span class='ocrx_word' id='word_1_13' title='bbox 738 215 836 244; x_wconf 90' lang='lat' dir='ltr'>cum</span> <span class='ocrx_word' id='word_1_14' title='bbox 857 200 915 243; x_wconf 89' lang='lat' dir='ltr'>sol</span> <span class='ocrx_word' id='word_1_15' title='bbox 937 199 1173 243; x_wconf 86' lang='lat' dir='ltr'>accenderit</span> <span class='ocrx_word' id='word_1_16' title='bbox 1195 201 1345 255; x_wconf 87' lang='lat' dir='ltr'>aestus,</span> 
     </span>
    </p>

    <p class='ocr_par' dir='ltr' id='par_1_3' title="bbox 255 275 1545 337">
     <span class='ocr_line' id='line_1_3' title="bbox 255 275 1545 337; baseline -0.002 -15"><span class='ocrx_word' id='word_1_17' title='bbox 255 280 373 323; x_wconf 88' lang='lat' dir='ltr'>Cum</span> <span class='ocrx_word' id='word_1_18' title='bbox 394 279 536 320; x_wconf 87' lang='lat' dir='ltr'>fitiunt</span> <span class='ocrx_word' id='word_1_19' title='bbox 556 277 725 337; x_wconf 79' lang='lat' dir='ltr'>herbae,</span> <span class='ocrx_word' id='word_1_20' title='bbox 755 284 799 317; x_wconf 84' lang='lat' dir='ltr'>et</span> <span class='ocrx_word' id='word_1_21' title='bbox 818 275 959 331; x_wconf 84' lang='lat' dir='ltr'>pecori</span> <span class='ocrx_word' id='word_1_22' title='bbox 975 277 1065 333; x_wconf 86' lang='lat' dir='ltr'>jam</span> <span class='ocrx_word' id='word_1_23' title='bbox 1080 276 1239 331; x_wconf 83' lang='lat' dir='ltr'>gratior</span> <span class='ocrx_word' id='word_1_24' title='bbox 1260 277 1407 319; x_wconf 83' lang='lat' dir='ltr'>umbra</span> <span class='ocrx_word' id='word_1_25' title='bbox 1425 277 1500 332; x_wconf 87' lang='lat' dir='ltr'>est,</span> <span class='ocrx_word' id='word_1_26' title='bbox 1542 299 1545 301; x_wconf 95' lang='lat'>·</span> 
     </span>
    </p>

    <p class='ocr_par' dir='ltr' id='par_1_4' title="bbox 255 347 1278 405">
     <span class='ocr_line' id='line_1_4' title="bbox 255 347 1278 405; baseline -0.006 -10"><span class='ocrx_word' id='word_1_27' title='bbox 255 351 310 395; x_wconf 86' lang='lat' dir='ltr'>In</span> <span class='ocrx_word' id='word_1_28' title='bbox 332 352 482 393; x_wconf 79' lang='lat' dir='ltr'>secreta</span> <span class='ocrx_word' id='word_1_29' title='bbox 503 350 606 391; x_wconf 89' lang='lat' dir='ltr'>senis</span> <span class='ocrx_word' id='word_1_30' title='bbox 627 349 798 402; x_wconf 79' lang='lat' dir='ltr'>ducam,</span> <span class='ocrx_word' id='word_1_31' title='bbox 830 363 917 405; x_wconf 85' lang='lat' dir='ltr'>quo</span> <span class='ocrx_word' id='word_1_32' title='bbox 937 347 1063 391; x_wconf 73' lang='lat' dir='ltr'>fessus.</span> <span class='ocrx_word' id='word_1_33' title='bbox 1080 348 1131 390; x_wconf 84' lang='lat' dir='ltr'>ab</span> <span class='ocrx_word' id='word_1_34' title='bbox 1153 349 1278 392; x_wconf 80' lang='lat' dir='ltr'>undis</span> 
     </span>
    </p>

    <p class='ocr_par' dir='ltr' id='par_1_5' title="bbox 257 421 1395 480">
     <span class='ocr_line' id='line_1_5' title="bbox 257 421 1395 480; baseline -0.002 -12"><span class='ocrx_word' id='word_1_35' title='bbox 257 427 310 468; x_wconf 91' lang='lat' dir='ltr'>Se</span> <span class='ocrx_word' id='word_1_36' title='bbox 329 426 409 466; x_wconf 88' lang='lat' dir='ltr'>reci</span> <span class='ocrx_word' id='word_1_37' title='bbox 415 426 506 479; x_wconf 78' lang='lat' dir='ltr'>pit3</span> <span class='ocrx_word' id='word_1_38' title='bbox 539 423 663 467; x_wconf 82' lang='lat' dir='ltr'>facile</span> <span class='ocrx_word' id='word_1_39' title='bbox 682 431 730 467; x_wconf 85' lang='lat' dir='ltr'>ut</span> <span class='ocrx_word' id='word_1_40' title='bbox 749 423 896 467; x_wconf 85' lang='lat' dir='ltr'>somno</span> <span class='ocrx_word' id='word_1_41' title='bbox 915 421 1152 480; x_wconf 65' lang='lat' dir='ltr'>adgrediare</span> <span class='ocrx_word' id='word_1_42' title='bbox 1168 423 1395 479; x_wconf 81' lang='lat' dir='ltr'>jacentem.</span> 
     </span>
    </p>

    <p class='ocr_par' dir='ltr' id='par_1_6' title="bbox 254 494 1622 627">
     <span class='ocr_line' id='line_1_6' title="bbox 256 494 1622 558; baseline 0.001 -19"><span class='ocrx_word' id='word_1_43' title='bbox 256 498 421 541; x_wconf 87' lang='lat' dir='ltr'>Verum</span> <span class='ocrx_word' id='word_1_44' title='bbox 444 498 515 540; x_wconf 88' lang='lat' dir='ltr'>ubi</span> <span class='ocrx_word' id='word_1_45' title='bbox 534 512 657 540; x_wconf 89' lang='lat' dir='ltr'>conre</span> <span class='ocrx_word' id='word_1_46' title='bbox 664 508 785 554; x_wconf 85' lang='lat' dir='ltr'>ptum</span> <span class='ocrx_word' id='word_1_47' title='bbox 805 496 1001 539; x_wconf 85' lang='lat' dir='ltr'>manibus</span> <span class='ocrx_word' id='word_1_48' title='bbox 1020 494 1256 552; x_wconf 75' lang='lat' dir='ltr'>vinclisque</span> <span class='ocrx_word' id='word_1_49' title='bbox 1275 497 1466 552; x_wconf 76' lang='lat' dir='ltr'>tenebis3</span> <span class='ocrx_word' id='word_1_50' title='bbox 1531 511 1622 558; x_wconf 66' lang='lat'>403</span> 
     </span>
     <span class='ocr_line' id='line_1_7' title="bbox 254 569 1362 627; baseline 0.001 -14"><span class='ocrx_word' id='word_1_51' title='bbox 254 570 379 613; x_wconf 88' lang='lat' dir='ltr'>Tum</span> <span class='ocrx_word' id='word_1_52' title='bbox 399 572 536 614; x_wconf 83' lang='lat' dir='ltr'>variae</span> <span class='ocrx_word' id='word_1_53' title='bbox 545 572 727 615; x_wconf 82' lang='lat' dir='ltr'>&#39;eludent</span> <span class='ocrx_word' id='word_1_54' title='bbox 748 571 905 626; x_wconf 86' lang='lat' dir='ltr'>species</span> <span class='ocrx_word' id='word_1_55' title='bbox 925 580 1050 627; x_wconf 88' lang='lat' dir='ltr'>atque</span> <span class='ocrx_word' id='word_1_56' title='bbox 1072 584 1142 611; x_wconf 88' lang='lat' dir='ltr'>ora</span> <span class='ocrx_word' id='word_1_57' title='bbox 1164 569 1362 614; x_wconf 83' lang='lat' dir='ltr'>ferarum.</span> 
     </span>
    </p>

    <p class='ocr_par' dir='ltr' id='par_1_7' title="bbox 255 643 1345 773">
     <span class='ocr_line' id='line_1_8' title="bbox 255 643 1333 699; baseline -0.001 -12"><span class='ocrx_word' id='word_1_58' title='bbox 255 644 353 687; x_wconf 85' lang='lat' dir='ltr'>Fiet</span> <span class='ocrx_word' id='word_1_59' title='bbox 373 645 485 685; x_wconf 90' lang='lat' dir='ltr'>enim</span> <span class='ocrx_word' id='word_1_60' title='bbox 508 644 647 686; x_wconf 85' lang='lat' dir='ltr'>subito</span> <span class='ocrx_word' id='word_1_61' title='bbox 666 644 733 686; x_wconf 90' lang='lat' dir='ltr'>sus</span> <span class='ocrx_word' id='word_1_62' title='bbox 754 644 969 697; x_wconf 87' lang='lat' dir='ltr'>horridus,</span> <span class='ocrx_word' id='word_1_63' title='bbox 1001 653 1173 699; x_wconf 81' lang='lat' dir='ltr'>atraque</span> <span class='ocrx_word' id='word_1_64' title='bbox 1192 643 1333 699; x_wconf 83' lang='lat' dir='ltr'>tigris,</span> 
     </span>
     <span class='ocr_line' id='line_1_9' title="bbox 257 705 1345 773; baseline -0.001 -14"><span class='ocrx_word' id='word_1_65' title='bbox 257 705 758 773; x_wconf 57' lang='lat' dir='ltr'>S‘q&#39;udmosusquedraco,</span> <span class='ocrx_word' id='word_1_66' title='bbox 789 725 832 759; x_wconf 88' lang='lat' dir='ltr'>et</span> <span class='ocrx_word' id='word_1_67' title='bbox 852 716 969 760; x_wconf 85' lang='lat' dir='ltr'>fulva</span> <span class='ocrx_word' id='word_1_68' title='bbox 989 719 1152 760; x_wconf 81' lang='lat' dir='ltr'>cervice</span> <span class='ocrx_word' id='word_1_69' title='bbox 1166 717 1317 760; x_wconf 55' lang='lat' dir='ltr'>’leaena</span> <span class='ocrx_word' id='word_1_70' title='bbox 1335 730 1345 758; x_wconf 71' lang='grc' dir='ltr'>ι</span> 
     </span>
    </p>

    <p class='ocr_par' dir='ltr' id='par_1_8' title="bbox 258 787 1626 995">
     <span class='ocr_line' id='line_1_10' title="bbox 258 787 1492 847; baseline 0 -15"><span class='ocrx_word' id='word_1_71' title='bbox 258 791 351 832; x_wconf 88' lang='lat' dir='ltr'>Aut</span> <span class='ocrx_word' id='word_1_72' title='bbox 372 804 507 832; x_wconf 85' lang='lat' dir='ltr'>acrem</span> <span class='ocrx_word' id='word_1_73' title='bbox 529 790 716 832; x_wconf 85' lang='lat' dir='ltr'>flammae</span> <span class='ocrx_word' id='word_1_74' title='bbox 734 789 922 847; x_wconf 68' lang='lat' dir='ltr'>sonitum</span> <span class='ocrx_word' id='word_1_75' title='bbox 943 790 1085 844; x_wconf 56' lang='lat' dir='ltr'>dabit,</span> <span class='ocrx_word' id='word_1_76' title='bbox 1108 801 1240 847; x_wconf 67' lang='lat' dir='ltr'>atque</span> <span class='ocrx_word' id='word_1_77' title='bbox 1257 791 1319 833; x_wconf 86' lang='lat' dir='ltr'>ita</span> <span class='ocrx_word' id='word_1_78' title='bbox 1338 787 1492 834; x_wconf 85' lang='lat' dir='ltr'>vinclis</span> 
     </span>
     <span class='ocr_line' id='line_1_11' title="bbox 259 862 1626 920; baseline 0.004 -16"><span class='ocrx_word' id='word_1_79' title='bbox 259 862 458 915; x_wconf 84' lang='lat' dir='ltr'>Excidet,</span> <span class='ocrx_word' id='word_1_80' title='bbox 489 872 562 904; x_wconf 88' lang='lat' dir='ltr'>aut</span> <span class='ocrx_word' id='word_1_81' title='bbox 584 864 629 905; x_wconf 90' lang='lat' dir='ltr'>in</span> <span class='ocrx_word' id='word_1_82' title='bbox 650 877 777 919; x_wconf 89' lang='lat' dir='ltr'>aquas</span> <span class='ocrx_word' id='word_1_83' title='bbox 799 872 944 904; x_wconf 86' lang='lat' dir='ltr'>tenues</span> <span class='ocrx_word' id='word_1_84' title='bbox 965 862 1149 906; x_wconf 70' lang='lat' dir='ltr'>dilabsus</span> <span class='ocrx_word' id='word_1_85' title='bbox 1171 863 1319 906; x_wconf 83' lang='lat' dir='ltr'>abibit.</span> <span class='ocrx_word' id='word_1_86' title='bbox 1532 874 1626 920; x_wconf 70' lang='lat'>410</span> 
     </span>
     <span class='ocr_line' id='line_1_12' title="bbox 258 935 1401 995; baseline 0.001 -18"><span class='ocrx_word' id='word_1_87' title='bbox 258 935 339 978; x_wconf 88' lang='lat' dir='ltr'>Sed</span> <span class='ocrx_word' id='word_1_88' title='bbox 360 944 525 995; x_wconf 18' lang='lat' dir='ltr'>quanto*</span> <span class='ocrx_word' id='word_1_89' title='bbox 538 935 612 977; x_wconf 83' lang='lat' dir='ltr'>ille</span> <span class='ocrx_word' id='word_1_90' title='bbox 632 935 766 992; x_wconf 80' lang='lat' dir='ltr'>magis</span> <span class='ocrx_word' id='word_1_91' title='bbox 788 935 940 989; x_wconf 80' lang='lat' dir='ltr'>formas</span> <span class='ocrx_word' id='word_1_92' title='bbox 962 935 1000 975; x_wconf 85' lang='lat' dir='ltr'>se</span> <span class='ocrx_word' id='word_1_93' title='bbox 1019 943 1153 990; x_wconf 75' lang='lat' dir='ltr'>vertet</span> <span class='ocrx_word' id='word_1_94' title='bbox 1173 935 1217 977; x_wconf 86' lang='lat' dir='ltr'>in</span> <span class='ocrx_word' id='word_1_95' title='bbox 1239 937 1401 989; x_wconf 69' lang='lat' dir='ltr'>omnis,</span> 
     </span>
    </p>

    <p class='ocr_par' dir='ltr' id='par_1_9' title="bbox 260 1008 1371 1066">
     <span class='ocr_line' id='line_1_13' title="bbox 260 1008 1371 1066; baseline -0.001 -15"><span class='ocrx_word' id='word_1_96' title='bbox 260 1008 430 1062; x_wconf 80' lang='lat' dir='ltr'>Tant0,</span> <span class='ocrx_word' id='word_1_97' title='bbox 461 1019 604 1066; x_wconf 84' lang='lat' dir='ltr'>gnate,</span> <span class='ocrx_word' id='word_1_98' title='bbox 636 1010 770 1065; x_wconf 82' lang='lat' dir='ltr'>magis</span> <span class='ocrx_word' id='word_1_99' title='bbox 790 1008 997 1050; x_wconf 87' lang='lat' dir='ltr'>contende</span> <span class='ocrx_word' id='word_1_100' title='bbox 1018 1008 1184 1051; x_wconf 79' lang='lat' dir='ltr'>tenacia</span> <span class='ocrx_word' id='word_1_101' title='bbox 1202 1009 1371 1052; x_wconf 76' lang='lat' dir='ltr'>vincla:</span> 
     </span>
    </p>

    <p class='ocr_par' dir='ltr' id='par_1_10' title="bbox 258 1080 1220 1141">
     <span class='ocr_line' id='line_1_14' title="bbox 258 1080 1220 1141; baseline -0.002 -17"><span class='ocrx_word' id='word_1_102' title='bbox 258 1080 413 1125; x_wconf 91' lang='lat' dir='ltr'>Donec</span> <span class='ocrx_word' id='word_1_103' title='bbox 433 1084 528 1128; x_wconf 84' lang='lat' dir='ltr'>talis</span> <span class='ocrx_word' id='word_1_104' title='bbox 543 1084 624 1124; x_wconf 87' lang='lat' dir='ltr'>erit</span> <span class='ocrx_word' id='word_1_105' title='bbox 644 1090 808 1141; x_wconf 66' lang='lat' dir='ltr'>mutato</span> <span class='ocrx_word' id='word_1_106' title='bbox 830 1095 1018 1136; x_wconf 85' lang='lat' dir='ltr'>corpore,</span> <span class='ocrx_word' id='word_1_107' title='bbox 1051 1081 1220 1137; x_wconf 79' lang='lat' dir='ltr'>qualem</span> 
     </span>
    </p>

    <p class='ocr_par' dir='ltr' id='par_1_11' title="bbox 258 1153 1319 1211">
     <span class='ocr_line' id='line_1_15' title="bbox 258 1153 1319 1211; baseline -0.001 -16"><span class='ocrx_word' id='word_1_108' title='bbox 258 1153 448 1205; x_wconf 87' lang='lat' dir='ltr'>Videris,</span> <span class='ocrx_word' id='word_1_109' title='bbox 480 1155 649 1209; x_wconf 84' lang='lat' dir='ltr'>incepto</span> <span class='ocrx_word' id='word_1_110' title='bbox 669 1163 827 1211; x_wconf 81' lang='lat' dir='ltr'>tegeret</span> <span class='ocrx_word' id='word_1_111' title='bbox 846 1168 946 1195; x_wconf 87' lang='lat' dir='ltr'>cum</span> <span class='ocrx_word' id='word_1_112' title='bbox 965 1155 1133 1196; x_wconf 83' lang='lat' dir='ltr'>lumina</span> <span class='ocrx_word' id='word_1_113' title='bbox 1155 1155 1319 1196; x_wconf 87' lang='lat' dir='ltr'>somno.</span> 
     </span>
    </p>

    <p class='ocr_par' dir='ltr' id='par_1_12' title="bbox 259 1224 1633 1356">
     <span class='ocr_line' id='line_1_16' title="bbox 259 1224 1633 1283; baseline 0 -16"><span class='ocrx_word' id='word_1_114' title='bbox 259 1226 374 1268; x_wconf 88' lang='lat' dir='ltr'>Haec</span> <span class='ocrx_word' id='word_1_115' title='bbox 395 1227 470 1278; x_wconf 87' lang='lat' dir='ltr'>ait,</span> <span class='ocrx_word' id='word_1_116' title='bbox 500 1234 542 1268; x_wconf 88' lang='lat' dir='ltr'>et</span> <span class='ocrx_word' id='word_1_117' title='bbox 563 1227 776 1283; x_wconf 88' lang='lat' dir='ltr'>liquidum</span> <span class='ocrx_word' id='word_1_118' title='bbox 797 1225 1021 1269; x_wconf 81' lang='lat' dir='ltr'>ambrofiae</span> <span class='ocrx_word' id='word_1_119' title='bbox 1044 1224 1248 1269; x_wconf 85' lang='lat' dir='ltr'>diffundit</span> <span class='ocrx_word' id='word_1_120' title='bbox 1266 1224 1438 1270; x_wconf 85' lang='lat' dir='ltr'>odorem</span> <span class='ocrx_word' id='word_1_121' title='bbox 1458 1237 1470 1264; x_wconf 76' lang='grc' dir='ltr'><em>τ</em></span> <span class='ocrx_word' id='word_1_122' title='bbox 1530 1238 1582 1281; x_wconf 86' lang='lat'>41</span> <span class='ocrx_word' id='word_1_123' title='bbox 1591 1232 1633 1283; x_wconf 72' lang='grc' dir='ltr'><strong><em>ς</em></strong></span> 
     </span>
     <span class='ocr_line' id='line_1_17' title="bbox 262 1299 1263 1356; baseline -0.001 -15"><span class='ocrx_word' id='word_1_124' title='bbox 262 1300 366 1356; x_wconf 79' lang='lat' dir='ltr'>Quo</span> <span class='ocrx_word' id='word_1_125' title='bbox 386 1309 525 1342; x_wconf 86' lang='lat' dir='ltr'>totum</span> <span class='ocrx_word' id='word_1_126' title='bbox 545 1301 664 1356; x_wconf 83' lang='lat' dir='ltr'>gnati</span> <span class='ocrx_word' id='word_1_127' title='bbox 684 1315 838 1354; x_wconf 87' lang='lat' dir='ltr'>corpus</span> <span class='ocrx_word' id='word_1_128' title='bbox 859 1299 1071 1355; x_wconf 59' lang='lat' dir='ltr'>perduxit»</span> <span class='ocrx_word' id='word_1_129' title='bbox 1134 1308 1179 1343; x_wconf 86' lang='lat' dir='ltr'>at</span> <span class='ocrx_word' id='word_1_130' title='bbox 1198 1299 1263 1341; x_wconf 78' lang='lat' dir='ltr'>illi</span> 
     </span>
    </p>

    <p class='ocr_par' dir='ltr' id='par_1_13' title="bbox 263 1363 1214 1428">
     <span class='ocr_line' id='line_1_18' title="bbox 263 1363 1214 1428; baseline -0.003 -14"><span class='ocrx_word' id='word_1_131' title='bbox 263 1372 420 1415; x_wconf 88' lang='lat' dir='ltr'>Dulcis</span> <span class='ocrx_word' id='word_1_132' title='bbox 441 1363 669 1428; x_wconf 59' lang='lat' dir='ltr'>conpositis</span> <span class='ocrx_word' id='word_1_133' title='bbox 692 1372 863 1428; x_wconf 82' lang='lat' dir='ltr'>spiravit</span> <span class='ocrx_word' id='word_1_134' title='bbox 884 1371 1075 1412; x_wconf 84' lang='lat' dir='ltr'>crinibus</span> <span class='ocrx_word' id='word_1_135' title='bbox 1097 1384 1214 1421; x_wconf 86' lang='lat' dir='ltr'>aura,</span> 
     </span>
    </p>

    <p class='ocr_par' dir='ltr' id='par_1_14' title="bbox 264 1442 1555 1575">
     <span class='ocr_line' id='line_1_19' title="bbox 264 1442 1555 1500; baseline 0.001 -14"><span class='ocrx_word' id='word_1_136' title='bbox 264 1444 409 1500; x_wconf 85' lang='lat' dir='ltr'>Atque</span> <span class='ocrx_word' id='word_1_137' title='bbox 430 1445 581 1486; x_wconf 79' lang='lat' dir='ltr'>habilis</span> <span class='ocrx_word' id='word_1_138' title='bbox 606 1445 802 1486; x_wconf 88' lang='lat' dir='ltr'>membris</span> <span class='ocrx_word' id='word_1_139' title='bbox 823 1444 940 1486; x_wconf 87' lang='lat' dir='ltr'>venit</span> <span class='ocrx_word' id='word_1_140' title='bbox 961 1444 1097 1500; x_wconf 90' lang='lat' dir='ltr'>vigor.</span> <span class='ocrx_word' id='word_1_141' title='bbox 1158 1443 1216 1485; x_wconf 83' lang='lat' dir='ltr'>est</span> <span class='ocrx_word' id='word_1_142' title='bbox 1237 1442 1383 1500; x_wconf 88' lang='lat' dir='ltr'>specus</span> <span class='ocrx_word' id='word_1_143' title='bbox 1403 1445 1555 1500; x_wconf 82' lang='lat' dir='ltr'>ingens</span> 
     </span>
     <span class='ocr_line' id='line_1_20' title="bbox 266 1517 1270 1575; baseline -0.001 -15"><span class='ocrx_word' id='word_1_144' title='bbox 266 1517 389 1561; x_wconf 83' lang='lat' dir='ltr'>Exefi</span> <span class='ocrx_word' id='word_1_145' title='bbox 411 1518 537 1559; x_wconf 83' lang='lat' dir='ltr'>latere</span> <span class='ocrx_word' id='word_1_146' title='bbox 560 1519 604 1559; x_wconf 91' lang='lat' dir='ltr'>in</span> <span class='ocrx_word' id='word_1_147' title='bbox 626 1519 800 1572; x_wconf 88' lang='lat' dir='ltr'>montis,</span> <span class='ocrx_word' id='word_1_148' title='bbox 833 1534 919 1575; x_wconf 94' lang='lat' dir='ltr'>quo</span> <span class='ocrx_word' id='word_1_149' title='bbox 940 1519 1125 1574; x_wconf 88' lang='lat' dir='ltr'>plurima</span> <span class='ocrx_word' id='word_1_150' title='bbox 1143 1527 1270 1560; x_wconf 87' lang='lat' dir='ltr'>vento</span> 
     </span>
    </p>

    <p class='ocr_par' dir='ltr' id='par_1_15' title="bbox 264 1591 1627 1719">
     <span class='ocr_line' id='line_1_21' title="bbox 266 1591 1627 1647; baseline 0.001 -15"><span class='ocrx_word' id='word_1_151' title='bbox 266 1592 466 1647; x_wconf 79' lang='lat' dir='ltr'>Cogitur,</span> <span class='ocrx_word' id='word_1_152' title='bbox 499 1592 627 1646; x_wconf 88' lang='lat' dir='ltr'>inque</span> <span class='ocrx_word' id='word_1_153' title='bbox 647 1591 758 1634; x_wconf 76' lang='lat' dir='ltr'>sin-us</span> <span class='ocrx_word' id='word_1_154' title='bbox 780 1593 931 1635; x_wconf 85' lang='lat' dir='ltr'>scindit</span> <span class='ocrx_word' id='word_1_155' title='bbox 953 1594 1031 1635; x_wconf 89' lang='lat' dir='ltr'>sese</span> <span class='ocrx_word' id='word_1_156' title='bbox 1052 1592 1168 1636; x_wconf 82' lang='lat' dir='ltr'>unda</span> <span class='ocrx_word' id='word_1_157' title='bbox 1185 1593 1375 1636; x_wconf 62' lang='lat' dir='ltr'>reduaos</span> <span class='ocrx_word' id='word_1_158' title='bbox 1393 1609 1409 1646; x_wconf 71' lang='grc' dir='ltr'>ς</span> <span class='ocrx_word' id='word_1_159' title='bbox 1534 1600 1627 1647; x_wconf 81' lang='grc'>420</span> 
     </span>
     <span class='ocr_line' id='line_1_22' title="bbox 264 1663 1143 1719; baseline 0.002 -13"><span class='ocrx_word' id='word_1_160' title='bbox 264 1663 486 1719; x_wconf 82' lang='lat' dir='ltr'>Deprensis</span> <span class='ocrx_word' id='word_1_161' title='bbox 509 1666 611 1706; x_wconf 84' lang='lat' dir='ltr'>olim</span> <span class='ocrx_word' id='word_1_162' title='bbox 628 1666 748 1706; x_wconf 86' lang='lat' dir='ltr'>statio</span> <span class='ocrx_word' id='word_1_163' title='bbox 770 1667 968 1710; x_wconf 82' lang='lat' dir='ltr'>tutiflima</span> <span class='ocrx_word' id='word_1_164' title='bbox 987 1667 1143 1709; x_wconf 85' lang='lat' dir='ltr'>nautis.</span> 
     </span>
    </p>

    <p class='ocr_par' dir='ltr' id='par_1_16' title="bbox 266 1727 1172 1797">
     <span class='ocr_line' id='line_1_23' title="bbox 266 1727 1172 1797; baseline 0.002 -19"><span class='ocrx_word' id='word_1_165' title='bbox 266 1737 390 1779; x_wconf 82' lang='lat' dir='ltr'>Intus</span> <span class='ocrx_word' id='word_1_166' title='bbox 413 1738 450 1778; x_wconf 89' lang='lat' dir='ltr'>se</span> <span class='ocrx_word' id='word_1_167' title='bbox 471 1737 570 1779; x_wconf 83' lang='lat' dir='ltr'>vasti</span> <span class='ocrx_word' id='word_1_168' title='bbox 592 1727 767 1781; x_wconf 81' lang='lat' dir='ltr'>Proteus</span> <span class='ocrx_word' id='word_1_169' title='bbox 791 1740 897 1795; x_wconf 85' lang='lat' dir='ltr'>tegit</span> <span class='ocrx_word' id='word_1_170' title='bbox 916 1741 1052 1797; x_wconf 88' lang='lat' dir='ltr'>objice</span> <span class='ocrx_word' id='word_1_171' title='bbox 1071 1739 1172 1780; x_wconf 79' lang='lat' dir='ltr'>saxi.</span> 
     </span>
    </p>

    <p class='ocr_par' dir='ltr' id='par_1_17' title="bbox 266 1810 1488 1939">
     <span class='ocr_line' id='line_1_24' title="bbox 266 1810 1488 1870; baseline 0.002 -19"><span class='ocrx_word' id='word_1_172' title='bbox 266 1810 351 1852; x_wconf 90' lang='lat' dir='ltr'>Hic</span> <span class='ocrx_word' id='word_1_173' title='bbox 368 1812 566 1868; x_wconf 85' lang='lat' dir='ltr'>juvenem</span> <span class='ocrx_word' id='word_1_174' title='bbox 589 1811 633 1858; x_wconf 82' lang='lat' dir='ltr'>in</span> <span class='ocrx_word' id='word_1_175' title='bbox 655 1811 823 1854; x_wconf 84' lang='lat' dir='ltr'>latebris</span> <span class='ocrx_word' id='word_1_176' title='bbox 846 1813 1031 1854; x_wconf 84' lang='lat' dir='ltr'>aversum</span> <span class='ocrx_word' id='word_1_177' title='bbox 1052 1827 1076 1853; x_wconf 89' lang='lat' dir='ltr'>a</span> <span class='ocrx_word' id='word_1_178' title='bbox 1096 1812 1257 1853; x_wconf 85' lang='lat' dir='ltr'>lumine</span> <span class='ocrx_word' id='word_1_179' title='bbox 1278 1811 1488 1870; x_wconf 88' lang='lat' dir='ltr'>Nympha</span> 
     </span>
     <span class='ocr_line' id='line_1_25' title="bbox 271 1885 1356 1939; baseline 0.001 -13"><span class='ocrx_word' id='word_1_180' title='bbox 271 1885 482 1926; x_wconf 84' lang='lat' dir='ltr'>Conlocat</span> <span class='ocrx_word' id='word_1_181' title='bbox 502 1899 510 1925; x_wconf 73' lang='grc' dir='ltr'>ε</span> <span class='ocrx_word' id='word_1_182' title='bbox 544 1885 626 1939; x_wconf 87' lang='lat' dir='ltr'>ipsa</span> <span class='ocrx_word' id='word_1_183' title='bbox 647 1885 794 1939; x_wconf 89' lang='lat' dir='ltr'>procul</span> <span class='ocrx_word' id='word_1_184' title='bbox 814 1886 980 1934; x_wconf 84' lang='lat' dir='ltr'>nebulis</span> <span class='ocrx_word' id='word_1_185' title='bbox 1002 1886 1177 1926; x_wconf 87' lang='lat' dir='ltr'>obscura</span> <span class='ocrx_word' id='word_1_186' title='bbox 1197 1885 1356 1928; x_wconf 73' lang='lat' dir='ltr'>resistit.</span> 
     </span>
    </p>

    <p class='ocr_par' dir='ltr' id='par_1_18' title="bbox 269 1956 1626 2087">
     <span class='ocr_line' id='line_1_26' title="bbox 269 1956 1626 2020; baseline 0.003 -22"><span class='ocrx_word' id='word_1_187' title='bbox 269 1956 366 2012; x_wconf 86' lang='lat' dir='ltr'>Jam</span> <span class='ocrx_word' id='word_1_188' title='bbox 388 1958 572 2012; x_wconf 81' lang='lat' dir='ltr'>rapidus,</span> <span class='ocrx_word' id='word_1_189' title='bbox 603 1966 765 2001; x_wconf 86' lang='lat' dir='ltr'>torrens</span> <span class='ocrx_word' id='word_1_190' title='bbox 785 1956 974 2010; x_wconf 63' lang='lat' dir='ltr'>sitientis,</span> <span class='ocrx_word' id='word_1_191' title='bbox 1009 1957 1160 2009; x_wconf 88' lang='lat' dir='ltr'>Sirius,</span> <span class='ocrx_word' id='word_1_192' title='bbox 1193 1956 1322 2000; x_wconf 87' lang='lat' dir='ltr'>Indos</span> <span class='ocrx_word' id='word_1_193' title='bbox 1539 1967 1626 2020; x_wconf 71' lang='lat'>425</span> 
     </span>
     <span class='ocr_line' id='line_1_27' title="bbox 270 2030 1315 2087; baseline -0.001 -15"><span class='ocrx_word' id='word_1_194' title='bbox 270 2032 457 2074; x_wconf 82' lang='lat' dir='ltr'>Ardebat</span> <span class='ocrx_word' id='word_1_195' title='bbox 474 2050 488 2082; x_wconf 82' lang='lat'>3</span> <span class='ocrx_word' id='word_1_196' title='bbox 521 2031 636 2083; x_wconf 74' lang='lat' dir='ltr'>caelo</span> <span class='ocrx_word' id='word_1_197' title='bbox 657 2042 698 2076; x_wconf 85' lang='lat' dir='ltr'>et</span> <span class='ocrx_word' id='word_1_198' title='bbox 720 2030 902 2072; x_wconf 87' lang='lat' dir='ltr'>medium</span> <span class='ocrx_word' id='word_1_199' title='bbox 925 2031 983 2072; x_wconf 90' lang='lat' dir='ltr'>sol</span> <span class='ocrx_word' id='word_1_200' title='bbox 1005 2031 1153 2087; x_wconf 87' lang='lat' dir='ltr'>igneus</span> <span class='ocrx_word' id='word_1_201' title='bbox 1173 2031 1315 2072; x_wconf 83' lang='lat' dir='ltr'>orbem</span> 
     </span>
    </p>

    <p class='ocr_par' dir='ltr' id='par_1_19' title="bbox 270 2102 1437 2232">
     <span class='ocr_line' id='line_1_28' title="bbox 270 2102 1437 2159; baseline 0.001 -14"><span class='ocrx_word' id='word_1_202' title='bbox 270 2103 488 2159; x_wconf 79' lang='lat' dir='ltr'>Hauserat.</span> <span class='ocrx_word' id='word_1_203' title='bbox 549 2104 721 2148; x_wconf 83' lang='lat' dir='ltr'>arebant</span> <span class='ocrx_word' id='word_1_204' title='bbox 741 2103 907 2155; x_wconf 81' lang='lat' dir='ltr'>herbae,</span> <span class='ocrx_word' id='word_1_205' title='bbox 939 2111 979 2144; x_wconf 79' lang='lat' dir='ltr'>et</span> <span class='ocrx_word' id='word_1_206' title='bbox 1000 2117 1101 2143; x_wconf 89' lang='lat' dir='ltr'>cava</span> <span class='ocrx_word' id='word_1_207' title='bbox 1123 2103 1296 2144; x_wconf 81' lang='lat' dir='ltr'>flumina</span> <span class='ocrx_word' id='word_1_208' title='bbox 1316 2102 1437 2146; x_wconf 70' lang='lat' dir='ltr'>siccis</span> 
     </span>
     <span class='ocr_line' id='line_1_29' title="bbox 271 2176 1368 2232; baseline 0.001 -14"><span class='ocrx_word' id='word_1_209' title='bbox 271 2176 484 2219; x_wconf 75' lang='lat' dir='ltr'>Faucibus</span> <span class='ocrx_word' id='word_1_210' title='bbox 507 2178 555 2219; x_wconf 86' lang='lat' dir='ltr'>ad</span> <span class='ocrx_word' id='word_1_211' title='bbox 579 2178 730 2218; x_wconf 89' lang='lat' dir='ltr'>limum</span> <span class='ocrx_word' id='word_1_212' title='bbox 751 2177 854 2218; x_wconf 88' lang='lat' dir='ltr'>radii</span> <span class='ocrx_word' id='word_1_213' title='bbox 878 2177 1082 2231; x_wconf 70' lang='lat' dir='ltr'>tepefa&amp;a</span> <span class='ocrx_word' id='word_1_214' title='bbox 1103 2177 1368 2232; x_wconf 84' lang='lat' dir='ltr'>coquebant:</span> 
     </span>
    </p>

    <p class='ocr_par' dir='ltr' id='par_1_20' title="bbox 274 2249 1371 2305">
     <span class='ocr_line' id='line_1_30' title="bbox 274 2249 1371 2305; baseline -0.002 -13"><span class='ocrx_word' id='word_1_215' title='bbox 274 2249 388 2292; x_wconf 83' lang='lat' dir='ltr'>Cum</span> <span class='ocrx_word' id='word_1_216' title='bbox 411 2250 586 2293; x_wconf 87' lang='lat' dir='ltr'>Proteus</span> <span class='ocrx_word' id='word_1_217' title='bbox 609 2251 806 2292; x_wconf 85' lang='lat' dir='ltr'>consueta</span> <span class='ocrx_word' id='word_1_218' title='bbox 825 2259 969 2305; x_wconf 86' lang='lat' dir='ltr'>petens</span> <span class='ocrx_word' id='word_1_219' title='bbox 989 2265 1011 2291; x_wconf 91' lang='lat' dir='ltr'>e</span> <span class='ocrx_word' id='word_1_220' title='bbox 1032 2250 1230 2291; x_wconf 60' lang='lat' dir='ltr'>fluetibus</span> <span class='ocrx_word' id='word_1_221' title='bbox 1250 2259 1371 2290; x_wconf 86' lang='lat' dir='ltr'>antra</span> 
     </span>
    </p>
   </div>
   <div class='ocr_carea' id='block_1_3' title="bbox 274 2334 1628 2497">
    <p class='ocr_par' dir='ltr' id='par_1_21' title="bbox 274 2334 1628 2497">
     <span class='ocr_line' id='line_1_31' title="bbox 325 2334 1628 2394; baseline -0.005 -15"><span class='ocrx_word' id='word_1_222' title='bbox 325 2352 416 2392; x_wconf 88' lang='lat'><strong>494.</strong></span> <span class='ocrx_word' id='word_1_223' title='bbox 448 2340 543 2391; x_wconf 82' lang='lat' dir='ltr'>Deep</span> <span class='ocrx_word' id='word_1_224' title='bbox 570 2343 608 2378; x_wconf 83' lang='lat' dir='ltr'>in</span> <span class='ocrx_word' id='word_1_225' title='bbox 642 2341 700 2378; x_wconf 85' lang='lat' dir='ltr'>the</span> <span class='ocrx_word' id='word_1_226' title='bbox 731 2339 946 2389; x_wconf 84' lang='lat' dir='ltr'>mountain.]</span> <span class='ocrx_word' id='word_1_227' title='bbox 985 2338 1074 2376; x_wconf 87' lang='lat' dir='ltr'>The</span> <span class='ocrx_word' id='word_1_228' title='bbox 1103 2336 1234 2376; x_wconf 88' lang='lat' dir='ltr'>reader</span> <span class='ocrx_word' id='word_1_229' title='bbox 1252 2350 1338 2387; x_wconf 82' lang='lat' dir='ltr'>may</span> <span class='ocrx_word' id='word_1_230' title='bbox 1358 2348 1532 2387; x_wconf 84' lang='lat' dir='ltr'>compare</span> <span class='ocrx_word' id='word_1_231' title='bbox 1551 2334 1628 2394; x_wconf 63' lang='lat' dir='ltr'>this</span> 
     </span>
     <span class='ocr_line' id='line_1_32' title="bbox 274 2389 1627 2497; baseline -0.003 -66"><span class='ocrx_word' id='word_1_232' title='bbox 274 2392 503 2497; x_wconf 48' lang='lat' dir='ltr'>‹Sissgcnriieprtion</span> <span class='ocrx_word' id='word_1_233' title='bbox 522 2393 571 2432; x_wconf 83' lang='lat' dir='ltr'>of</span> <span class='ocrx_word' id='word_1_234' title='bbox 592 2393 657 2431; x_wconf 83' lang='lat' dir='ltr'>the</span> <span class='ocrx_word' id='word_1_235' title='bbox 686 2405 777 2431; x_wconf 88' lang='lat' dir='ltr'>cave</span> <span class='ocrx_word' id='word_1_236' title='bbox 797 2392 844 2431; x_wconf 89' lang='lat' dir='ltr'>of</span> <span class='ocrx_word' id='word_1_237' title='bbox 866 2392 1040 2437; x_wconf 81' lang='lat' dir='ltr'>Proteus,</span> <span class='ocrx_word' id='word_1_238' title='bbox 1069 2391 1162 2429; x_wconf 88' lang='lat' dir='ltr'>with</span> <span class='ocrx_word' id='word_1_239' title='bbox 1192 2390 1255 2429; x_wconf 85' lang='lat' dir='ltr'>the</span> <span class='ocrx_word' id='word_1_240' title='bbox 1275 2389 1474 2442; x_wconf 84' lang='lat' dir='ltr'>following</span> <span class='ocrx_word' id='word_1_241' title='bbox 1493 2401 1564 2427; x_wconf 84' lang='lat' dir='ltr'>one</span> <span class='ocrx_word' id='word_1_242' title='bbox 1581 2401 1627 2428; x_wconf 80' lang='lat' dir='ltr'><strong>m</strong></span> 
     </span>
    </p>
   </div>
   <div class='ocr_carea' id='block_1_4' title="bbox 378 2528 1393 2740">
    <p class='ocr_par' dir='ltr' id='par_1_22' title="bbox 378 2528 1363 2634">
     <span class='ocr_line' id='line_1_33' title="bbox 378 2528 1274 2573; baseline 0 -7"><span class='ocrx_word' id='word_1_243' title='bbox 378 2529 451 2567; x_wconf 88' lang='lat' dir='ltr'>His</span> <span class='ocrx_word' id='word_1_244' title='bbox 469 2530 593 2567; x_wconf 84' lang='lat' dir='ltr'>bowre</span> <span class='ocrx_word' id='word_1_245' title='bbox 609 2529 639 2568; x_wconf 88' lang='lat' dir='ltr'>is</span> <span class='ocrx_word' id='word_1_246' title='bbox 659 2529 698 2567; x_wconf 89' lang='lat' dir='ltr'>in</span> <span class='ocrx_word' id='word_1_247' title='bbox 717 2530 780 2567; x_wconf 90' lang='lat' dir='ltr'>the</span> <span class='ocrx_word' id='word_1_248' title='bbox 795 2529 964 2568; x_wconf 90' lang='lat' dir='ltr'>bottome</span> <span class='ocrx_word' id='word_1_249' title='bbox 984 2528 1030 2568; x_wconf 87' lang='lat' dir='ltr'>of</span> <span class='ocrx_word' id='word_1_250' title='bbox 1051 2528 1115 2566; x_wconf 86' lang='lat' dir='ltr'>the</span> <span class='ocrx_word' id='word_1_251' title='bbox 1134 2528 1274 2573; x_wconf 84' lang='lat' dir='ltr'>maine,</span> 
     </span>
     <span class='ocr_line' id='line_1_34' title="bbox 431 2581 1363 2634; baseline -0.001 -14"><span class='ocrx_word' id='word_1_252' title='bbox 431 2583 566 2620; x_wconf 89' lang='lat' dir='ltr'>Under</span> <span class='ocrx_word' id='word_1_253' title='bbox 585 2595 607 2619; x_wconf 86' lang='lat' dir='ltr'>a</span> <span class='ocrx_word' id='word_1_254' title='bbox 622 2583 772 2634; x_wconf 88' lang='lat' dir='ltr'>mighty</span> <span class='ocrx_word' id='word_1_255' title='bbox 791 2583 900 2627; x_wconf 86' lang='lat' dir='ltr'>rock,</span> <span class='ocrx_word' id='word_1_256' title='bbox 930 2581 1050 2634; x_wconf 77' lang='lat' dir='ltr'>gainst</span> <span class='ocrx_word' id='word_1_257' title='bbox 1065 2582 1187 2619; x_wconf 84' lang='lat' dir='ltr'>which</span> <span class='ocrx_word' id='word_1_258' title='bbox 1208 2581 1257 2619; x_wconf 89' lang='lat' dir='ltr'>do</span> <span class='ocrx_word' id='word_1_259' title='bbox 1275 2593 1363 2619; x_wconf 85' lang='lat' dir='ltr'>rave</span> 
     </span>
    </p>

    <p class='ocr_par' dir='ltr' id='par_1_23' title="bbox 380 2633 1393 2740">
     <span class='ocr_line' id='line_1_35' title="bbox 380 2633 1315 2686; baseline 0 -15"><span class='ocrx_word' id='word_1_260' title='bbox 380 2634 467 2671; x_wconf 60' lang='lat' dir='ltr'>The</span> <span class='ocrx_word' id='word_1_261' title='bbox 488 2635 618 2686; x_wconf 83' lang='lat' dir='ltr'>roring</span> <span class='ocrx_word' id='word_1_262' title='bbox 640 2635 786 2672; x_wconf 88' lang='lat' dir='ltr'>billows</span> <span class='ocrx_word' id='word_1_263' title='bbox 805 2636 845 2673; x_wconf 89' lang='lat' dir='ltr'>in</span> <span class='ocrx_word' id='word_1_264' title='bbox 869 2636 966 2673; x_wconf 87' lang='lat' dir='ltr'>their</span> <span class='ocrx_word' id='word_1_265' title='bbox 981 2634 1100 2684; x_wconf 84' lang='lat' dir='ltr'>proud</span> <span class='ocrx_word' id='word_1_266' title='bbox 1119 2633 1285 2672; x_wconf 84' lang='lat' dir='ltr'>disdaine</span> <span class='ocrx_word' id='word_1_267' title='bbox 1303 2649 1315 2678; x_wconf 88' lang='grc'><strong>;</strong></span> 
     </span>
     <span class='ocr_line' id='line_1_36' title="bbox 429 2686 1393 2740; baseline 0 -15"><span class='ocrx_word' id='word_1_268' title='bbox 429 2688 550 2733; x_wconf 64' lang='lat' dir='ltr'>Ther,</span> <span class='ocrx_word' id='word_1_269' title='bbox 580 2688 670 2728; x_wconf 74' lang='lat' dir='ltr'>with</span> <span class='ocrx_word' id='word_1_270' title='bbox 694 2689 756 2728; x_wconf 81' lang='lat' dir='ltr'>the</span> <span class='ocrx_word' id='word_1_271' title='bbox 779 2701 907 2740; x_wconf 87' lang='lat' dir='ltr'>angry</span> <span class='ocrx_word' id='word_1_272' title='bbox 927 2686 1104 2739; x_wconf 81' lang='lat' dir='ltr'>working</span> <span class='ocrx_word' id='word_1_273' title='bbox 1122 2687 1167 2725; x_wconf 90' lang='lat' dir='ltr'>of</span> <span class='ocrx_word' id='word_1_274' title='bbox 1189 2686 1252 2724; x_wconf 88' lang='lat' dir='ltr'>the</span> <span class='ocrx_word' id='word_1_275' title='bbox 1272 2697 1393 2732; x_wconf 85' lang='lat' dir='ltr'>wave,</span> 
     </span>
    </p>
   </div>
   <div class='ocr_carea' id='block_1_5' title="bbox 784 2748 1624 2867">
    <p class='ocr_par' dir='ltr' id='par_1_24' title="bbox 784 2748 1624 2867">
     <span class='ocr_line' id='line_1_37' title="bbox 1454 2748 1624 2800; baseline -0.018 -9"><span class='ocrx_word' id='word_1_276' title='bbox 1454 2748 1624 2800; x_wconf 73' lang='lat' dir='ltr'>Therein</span> 
     </span>
     <span class='ocr_line' id='line_1_38' title="bbox 784 2827 809 2867; baseline 0 0"><span class='ocrx_word' id='word_1_277' title='bbox 784 2827 809 2867; x_wconf 85' lang='lat'>3</span> 
     </span>
    </p>
   </div>
  </div>
 </body>
</html>
