1733 3076
246 118 328 178 378
461 114 512 160 P.
531 115 757 161 Vtamur
778 114 1014 160 MAnoms
1037 116 1318 165 Gronmc‘A.
1430 126 1528 171 Lib.
1548 144 1590 184 4·
1647 151 1650 154 ⁴
1715 114 1718 117 ¹

247 224 303 267 In
324 238 434 266 mare
455 235 710 279 purpureum
729 220 953 263 violentior
972 224 1104 265 effluit
1125 226 1273 267 amnis.
1317 246 1321 253 ·

242 298 469 352 Postquam
488 296 545 338 est
566 296 610 337 in
632 294 805 336 thalami
829 295 1051 349 pendentia
1072 298 1241 351 pumice
1262 298 1370 341 teeta

242 370 512 420 Perventum,
541 378 584 410 et
603 369 720 426 gnati
741 368 862 411 fletus
883 369 1085 438 eognovit
1105 371 1244 412 inanis
1515 390 1567 433 37
1571 388 1598 432 5

241 442 411 499 Cyrene
431 461 444 493 3
473 443 668 485 manibus
688 442 872 498 liquidos
893 442 993 484 dant
1012 443 1155 487 ordine
1177 445 1309 488 fontis

242 514 498 567 Germanae,
529 514 736 570 tonslsque
756 515 898 556 ferunt
917 515 1116 556 mantelia
1134 515 1265 558 villis.

240 587 342 632 Pars
362 589 495 644 epulis
516 597 691 631 onerant
708 587 884 639 mensaS,
915 597 957 629 et
976 588 1101 644 plena
1119 597 1331 644 reponunt

239 660 417 704 Pocula.
478 661 711 704 Panchaeis
732 660 974 703 adolescunt
996 662 1166 716 ignibus
1187 677 1294 705 arae.

239 734 303 777 Et
321 744 468 788 mater,
501 734 619 791 Cape
639 733 832 777 Maeonii
854 732 1060 779 carchesia
1079 735 1229 781 bacchi
1249 750 1262 776 ι
1457 728 1463 730 ’
1515 736 1599 795 382

241 805 423 850 Oceano
445 807 642 860 libemus,
672 808 745 854 ait.
808 805 928 851 simul
950 807 1036 861 ipsa
1057 816 1249 862 precatur

240 878 551 936 Oceanumque
573 890 731 936 patrem
751 894 890 921 rerum
911 878 1219 935 Nymphasque
1239 880 1413 934 sorores,

239 950 430 995 Centum
451 968 556 1008 quae
577 951 712 1005 silvas,
745 960 915 993 centurn
936 966 1044 1006 quae
1063 952 1236 999 flumina
1258 954 1436 998 servant.

238 1021 334 1068 Ter
354 1024 520 1080 liquido
540 1025 751 1068 ardentem
773 1024 955 1079 perfudit
974 1024 1139 1067 nefiare
1160 1024 1330 1068 Vestam
1349 1041 1361 1068 2

239 1096 335 1139 Ter
357 1099 524 1140 flamma
544 1098 593 1139 ad
615 1099 823 1139 summum
843 1097 942 1138 teeti
963 1098 1146 1154 subjeeta
1167 1099 1338 1142 reluxit.
1490 1124 1497 1127 ”
1513 1100 1566 1158 38
1569 1113 1596 1158 5

242 1167 403 1210 Omine
420 1183 506 1225 quo
527 1168 694 1211 firmans
719 1171 926 1221 animum,
952 1168 1005 1210 sic
1028 1171 1179 1226 incipit
1199 1172 1283 1229 ipsa
1301 1185 1312 1212 ε

241 1240 316 1283 Est
337 1243 383 1283 in
405 1241 634 1296 Carpathio
649 1241 845 1298 Neptuni
869 1243 1035 1299 gurgite
1055 1252 1170 1284 vates

242 1311 473 1355 Caeruleus
493 1311 690 1368 Proteus,
721 1329 922 1370 magnum
945 1314 1018 1369 qui
1041 1315 1225 1369 piscibus
1246 1328 1402 1371 aequor

239 1384 299 1428 Et
314 1387 466 1444 junffiko
486 1387 686 1444 bipedum
706 1401 833 1428 curru
855 1387 1025 1428 metitur
1046 1401 1266 1442 equorum.

239 1457 326 1500 Hic
347 1474 462 1501 nunc
483 1459 705 1502 Emathiae
726 1471 872 1514 portus
894 1462 1156 1516 patriamque
1175 1458 1313 1501 revifit
1513 1474 1598 1520 390

238 1530 455 1574 Pallenen.
516 1533 631 1574 hunc
653 1541 693 1574 et
714 1532 941 1589 Nymphae
962 1546 1221 1583 veneramur,
1251 1542 1293 1573 et
1314 1531 1397 1592 ipse

242 1601 519 1646 Grandaevus
540 1603 722 1647 Nereus.
785 1607 906 1647 novit
926 1620 1106 1662 namque
1126 1605 1268 1646 omnia
1286 1614 1418 1656 vates,

226 1676 364 1732 ‚Qae
385 1675 482 1727 sint,
515 1692 621 1732 quae
643 1679 817 1730 fuerint,
849 1695 955 1735 quae
976 1694 1073 1721 mox
1092 1688 1270 1720 ventura
1289 1679 1520 1720 trahantur.

240 1749 414 1805 Qippe
436 1751 493 1791 ita
512 1749 720 1804 Neptuno
743 1752 875 1792 visum
896 1751 952 1793 est
972 1768 981 1794 :
1016 1753 1201 1794 inmania
1221 1753 1342 1808 cujus

241 1822 462 1874 Armenta,
494 1832 536 1864 et
557 1823 690 1881 turpis
713 1824 843 1877 pascit
865 1825 937 1865 sub
959 1825 1124 1880 gurgite
1146 1826 1315 1879 phocas.
1510 1838 1592 1882 395

241 1895 326 1936 Hic
350 1896 446 1946 tibi,
479 1904 621 1951 gnate,
654 1896 768 1950 prius
789 1896 941 1938 vinclis
963 1897 1216 1950 capiundus,
1248 1906 1296 1938 ut
1315 1912 1483 1939 omnem

239 1967 448 2023 Expediat
468 1952 600 2009 morbi
626 1963 822 2018 caussam,
853 1967 1107 2023 eventusque
1128 1970 1337 2011 secundet.

239 2040 357 2084 Nam
378 2040 461 2082 sine
481 2041 523 2083 vi
545 2055 631 2081 non
653 2040 742 2081 ulla
762 2040 878 2081 dabit
900 2050 1133 2096 praecepta,
1164 2057 1306 2097 neque.
1320 2042 1443 2088 illurn

241 2112 420 2154 Orando
441 2114 582 2155 vinces
601 2129 610 2154 ε
643 2114 729 2155 vim
751 2113 897 2154 duram
917 2123 958 2155 et
979 2115 1151 2162 vincula
1171 2126 1293 2174 capto

240 2184 409 2228 Tende.
470 2186 557 2233 doli
578 2186 739 2229 circum
760 2187 860 2228 haec
882 2186 1050 2231 demum
1071 2189 1316 2247 frangentur
1337 2191 1495 2232 inanes.
1510 2204 1596 2246 400

294 2330 386 2370 454.
416 2319 475 2356 An
507 2317 669 2355 hundred
684 2318 850 2368 grown]
876 2319 894 2356 Ι
924 2318 1052 2358 follow
1085 2320 1149 2358 the
1179 2319 1278 2358 sense
1306 2320 1421 2373 given
1452 2330 1491 2359 to
1521 2320 1595 2359 this

241 2375 393 2422 pallage
413 2371 452 2408 in
476 2371 541 2408 the
556 2372 719 2428 Arcadifz
738 2370 796 2408 del
813 2372 1040 2417 sannazam,
1069 2374 1182 2424 Prqsa
1206 2386 1263 2411 10.
1488 2425 1494 2431 Ι
1550 2424 1556 2431 .

241 2422 919 2514 froffizheqbouiih·bodl-ingffhihitegg
939 2424 1432 2516 Ιὲἰξιτοῐῗυῗνξεὲἓὶἰὶξίῗὲῗῑῖὶξιζε
1448 2424 1594 2515 5581}ss

241 2536 281 2564 to
306 2528 455 2566 consult
484 2529 549 2566 the
575 2527 674 2586 same
695 2527 817 2579 deity,
853 2528 902 2581 by
922 2491 1146 2569 >t'heya’dvice
1169 2531 1244 2569 and
1270 2530 1451 2570 affistance
1470 2529 1515 2570 of
1535 2530 1594 2569 his

241 2591 326 2621 own
349 2580 538 2634 daughter
557 2580 758 2620 Exdothea.
1129 2602 1133 2605 >
1547 2590 1550 2593 ’
