1733 3076
280 56 336 113 4⁸
605 29 1300 92 P.V1RG1L11'V1TA

287 162 293 198 ζ
341 157 556 200 Antonius
584 169 683 196 cum
725 149 843 193 claffe
877 163 928 190 ex
963 148 1142 188 Athenis
1184 146 1422 187 Tarentum
1451 142 1631 198 appan&
1711 135 1733 191 ,ἦ

284 231 482 273 Tandem
515 226 698 270 oetauia
729 223 907 273 arbitra,
940 219 1148 263 Oetauius
1172 227 1218 259 vt
1242 232 1335 258 eum
1364 216 1632 264 conueniret4
1714 221 1733 228 ”

285 304 520 346 adducitur.
582 297 711 338 Noua
742 295 850 336 inter
879 308 947 335 eos
980 292 1116 348 pactio
1147 289 1209 332 fit.
1239 305 1279 331 v.
1303 288 1392 330 Dio
1413 285 1634 329 XLVIII.
1659 326 1662 333 ,
1731 328 1733 330 ,

285 386 394 419 extr.
418 373 602 427 Appian.
634 386 674 424 p.
705 383 811 425 1149
834 368 922 422 sqq.
984 365 1143 407 Eodem
1166 362 1392 404 Maecenas
1415 373 1636 416 properans

287 448 537 498 Horatium,
560 443 793 500 Virgilium
808 472 821 493 ,
845 440 1031 482 Plotium
1051 452 1098 480 ac
1120 436 1299 478 Varium
1319 434 1457 475 secum
1477 433 1637 474 addux-

286 529 388 563 erat.
420 519 513 562 vide
534 517 653 572 supra
670 516 719 556 ad
737 530 760 556 a
780 526 877 570 715.

817 627 878 668 V.
912 626 967 668 C·
1002 626 1098 682 718.
1282 644 1285 646 v

473 704 525 748 L.
556 703 706 746 Gellius
733 698 942 756 Poplicola.
1005 697 1075 740 M.
1111 695 1282 737 Cocceius
1316 695 1473 737 Nerua.

704 791 743 816 α.
777 775 825 815 C.
860 771 927 828 36.
990 768 1155 822 Virgilii
1181 767 1245 816 {¹3}-

354 851 622 894 Ostauianus
655 847 830 896 Caesar,
861 844 976 886 Sext.
996 841 1196 896 Pompeio
1229 854 1368 896 pugna
1394 839 1536 881 nauali
1573 840 1641 880 in-
1669 845 1674 848 ’
1731 837 1733 840 ⁴

300 933 362 968 ter
383 923 530 981 Mylas
552 931 593 963 et
612 921 887 962 Naulochum
903 949 915 969 ,
939 917 988 957 ad
1013 914 1180 956 Siciliae
1201 913 1345 964 littus,
1368 913 1478 954 victo
1499 921 1540 952 et
1561 910 1646 953 Le·-

298 997 398 1054 pido
433 997 476 1037 in
511 995 763 1036 deditionem
787 1000 979 1046 recepto,
1004 988 1185 1030 Romam
1213 987 1394 1028 reuersus
1416 985 1651 1027 immodicis

300 1070 531 1113 honoribus
553 1066 724 1108 affectus
746 1064 816 1106 est.
877 1064 1007 1103 Anno
1039 1061 1109 1101 suo
1136 1059 1361 1102 XXVIII.
1396 1061 1538 1115 inquit
1558 1060 1653 1113 Ap-

301 1146 416 1200 pian.
441 1159 480 1198 p.
516 1142 621 1198 1178
637 1172 651 1192 ,
682 1137 915 1194 oppidatim
936 1135 1042 1175 inter
1062 1133 1158 1174 deos
1180 1132 1374 1174 tutelares
1395 1133 1478 1173 coli
1499 1133 1655 1186 coepit.

302 1216 420 1258 Haec
437 1215 570 1270 prima
586 1212 720 1254 diuini
737 1209 906 1252 honoris
929 1209 973 1249 in
989 1221 1085 1248 eum
1102 1206 1246 1247 collati
1306 1206 1434 1246 entio.
1452 1221 1491 1247 v.
1511 1203 1657 1246 Noris.

306 1287 545 1342 Cenotaph.
580 1285 717 1327 Pisan.
748 1300 787 1339 p.
812 1295 861 1338 51
888 1282 977 1336 sqq.
1041 1280 1168 1334 Quod
1192 1280 1331 1334 itaque
1361 1279 1443 1319 iam
1464 1287 1559 1318 ante
1579 1278 1661 1318 hoc

307 1371 471 1416 tempus
494 1358 719 1414 aVirgilio
741 1358 853 1398 Deus
873 1353 1128 1409 appellatur,
1158 1352 1254 1393 Ecl.
1280 1351 1325 1404 I,
1360 1352 1401 1392 id
1429 1350 1511 1392 sine
1532 1351 1662 1391 dubio

307 1449 358 1475 eo
379 1433 583 1487 pertinet,
616 1430 727 1485 quod
755 1430 911 1470 Diuum
939 1427 1083 1468 Iulium
1115 1435 1272 1480 patrem
1302 1425 1493 1466 habebat.
1556 1424 1665 1466 Diui
1681 1466 1685 1470 ,

305 1521 427 1562 genus
440 1505 549 1546 Aen.
569 1501 662 1554 VI,
686 1516 782 1560 739.
807 1501 862 1542 cf.
881 1501 969 1553 sup.
989 1498 1038 1539 ad
1063 1512 1159 1555 712.
1208 1495 1368 1538 Summi
1387 1505 1524 1537 tamen
1546 1495 1609 1537 illi
1623 1504 1668 1538 et

310 1577 507 1633 exquisiti
529 1578 709 1618 honores
726 1573 1028 1631 annis-demum
1049 1585 1134 1627 724
1145 1579 1186 1612 et
1202 1582 1281 1627 725
1305 1569 1418 1611 fuere
1431 1569 1600 1611 decreti.
1621 1584 1664 1611 v.-

315 1649 405 1693 Dio
427 1649 514 1702 LI,
544 1664 609 1706 19.
633 1662 702 1692 20.

850 1703 908 1743 V.
943 1701 997 1744 C.
1033 1715 1130 1758 720.

573 1780 626 1821 L.
663 1777 882 1820 Scribonius
918 1777 1029 1818 Libo.
1106 1773 1176 1816 M
1211 1773 1414 1815 Antonius.

714 1868 753 1893 a.
791 1851 838 1892 C.
874 1864 941 1905 34.
1019 1847 1183 1902 Virgilii
1213 1849 1275 1903 {3-

380 1941 452 1984 M.
468 1939 622 1982 Bauius
633 1950 761 1996 poeta,
785 1955 891 1994 quem
922 1937 1116 1992 Virgilius
1132 1935 1323 1977 Bucolicis
1351 1942 1474 1984 notat,
1511 1932 1551 1973 in
1569 1932 1676 1987 Cap-

319 2015 482 2074 padocia
494 2014 673 2055 moritur.
708 2011 954 2068 Hieronym.
973 2009 1137 2051 Chron.
1156 2008 1306 2050 Euseb.
1323 2006 1501 2063 Olymp.
1524 2005 1621 2056 186,
1638 2018 1678 2060 3.

856 2125 916 2166 V.
950 2124 1005 2167 C.
1040 2138 1137 2181 722.

555 2203 629 2243 Cn.
662 2199 862 2243 Domitius
894 2199 1182 2240 Ahenobarbus.
1245 2197 1291 2237 C.
1321 2193 1454 2249 Sosius.

744 2290 783 2315 α.
816 2273 863 2314 C.
891 2286 957 2330 32.
1021 2270 1187 2325 Virgilii
1208 2267 1271 2319 ἐξ.

388 2347 642 2389 Inimicitiae
664 2348 770 2388 inter
797 2345 1011 2386 Caesarem
1031 2354 1071 2385 et
1092 2343 1161 2385 M.
1185 2343 1424 2402 Antonium
1448 2339 1497 2380 ad
1529 2337 1687 2380 bellum

336 2421 533 2475 spectant.
575 2419 728 2476 Magni
746 2420 938 2474 vtrinque
955 2428 1196 2472 apparatu53
1216 2416 1264 2455 de
1277 2414 1431 2469 quibus
1446 2412 1582 2454 versus
1600 2409 1687 2453 Ge.

336 2492 384 2543 I,
407 2507 488 2549 509
512 2494 600 2548 sqq.
634 2507 751 2548 agere
771 2492 986 2534 videntur:
1022 2490 1132 2530 Hinc
1161 2497 1280 2529 mouet
1305 2486 1549 2541 Euphrates,
1583 2484 1692 2526 illinc

338 2565 554 2607 Germania
574 2566 708 2606 bellum
725 2584 736 2614 3
769 2565 807 2608 V
804 2565 926 2605 icinae
946 2562 1073 2617 ruptis
1094 2561 1197 2601 ἰήιον
1205 2561 1251 2619 se
1272 2560 1415 2615 legibus
1435 2560 1548 2601 vrbes
1567 2556 1694 2600 Arma
1717 2594 1719 2597 .

336 2641 498 2693 serunt,
519 2639 650 2696 saeuit
671 2649 743 2680 toto
765 2638 889 2681 Mars
910 2636 1049 2693 impius
1070 2636 1169 2678 orbe.

1394 2697 1418 2720 Ο

767 2765 793 2810 5
1543 2721 1604 2786 V.
1637 2742 1693 2786 C.
