1733 3076
282 179 363 209 100
535 161 585 208 P.
609 164 834 207 VIRG1L11
860 159 1095 202 Maximus
1119 159 1382 206 Bucoch.
1484 160 1580 205 Ecl.
1598 177 1640 221 3,

819 263 1111 306 MENALCAS.

284 341 403 396 Q1id
425 339 583 380 domini
606 338 782 388 faciant,
815 338 970 389 audent
991 353 1090 379 cum
1115 338 1214 380 talia
1236 339 1382 389 fures?

284 415 390 456 Non
412 428 489 468 ego
511 422 550 451 te
571 411 655 452 vidi
681 410 909 462 Damonis,
945 412 1123 466 peffime,
1157 415 1338 469 caprum¹

285 476 493 539 Eicipere
516 483 688 535 infidiis,
721 485 906 525 multum
928 485 1108 526 latrante
1131 484 1337 542 Lycisca?

286 560 345 601 Et
367 574 465 599 cum
482 558 728 598 clamarem:
765 558 868 612 Qlo
890 573 1005 600 nunc
1029 560 1065 600 se
1088 560 1266 614 proripit
1283 558 1388 600 ille?

286 632 462 689 Tityre,
494 646 597 686 coge
620 645 769 685 pecus:
805 640 850 671 tu
874 631 962 685 post
984 633 1143 673 careota
1163 632 1336 683 latebas,
1592 644 1650 683 20

816 702 1114 753 DAMOE‘rAsP

287 782 359 824 An
382 781 485 822 mihi
509 779 718 820 cantando
739 777 873 821 vinus
895 792 982 818 non
1000 779 1185 819 redderet
1207 779 1294 830 ille,

288 854 430 909 Qoem
453 868 544 893 mea
565 852 822 892 carminibus
845 850 1052 892 meruiss'et
1073 851 1223 903 fistula,
1257 850 1458 907 caprum?

290 927 334 968 Si
357 927 508 976 nescis,
532 941 647 966 meus
671 926 742 966 ille
765 939 888 978 caper
910 924 1017 975 fuit3
1042 935 1084 965 et
1105 926 1208 966 mihi
1232 924 1406 966 Damon

288 998 381 1055 Ipse
403 1000 635 1041 fatebatur:
672 997 735 1038 sed
760 997 926 1038 reddere
949 996 1056 1052 posse
1079 998 1273 1055 negabat.

825 1070 1114 1112 MENALCAS.

289 1146 518 1189 Cantando
542 1155 588 1185 tu
612 1144 764 1186 illum?
789 1152 861 1184 aut
884 1157 1084 1198 umquam
1107 1143 1184 1183 tibi
1207 1141 1342 1182 fistula
1363 1157 1456 1184 cera
1593 1146 1649 1200 23

287 1219 440 1262 lunera
462 1217 572 1259 fuit?
609 1232 694 1258 non
717 1226 762 1258 tu
785 1218 828 1258 in
853 1216 1006 1265 triviis,
1040 1215 1223 1266 indoece,
1262 1215 1421 1258 solebas
1633 1201 1642 1208 ι

290 1293 491 1335 Stridenti
514 1291 710 1336 miserum
730 1289 880 1345 stipula
900 1289 1129 1344 disperdere
1150 1303 1317 1331 carmen
1334 1287 1349 1330 i

818 1362 1116 1408 DAMOETAS,
1264 1359 1267 1363 ’

288 1438 371 1480 Vis
393 1454 492 1494 ergo
514 1439 621 1480 inter
642 1452 735 1488 nos,
769 1436 870 1493 quid
893 1437 1009 1490 poffi't
1030 1444 1221 1491 uterque,
1253 1436 1427 1477 viciffirn

288 1509 600 1564 Experiamur?
635 1524 712 1566 ego
733 1509 840 1550 hanc
861 1508 1057 1557 vitulam,
1090 1523 1142 1549 ne
1165 1508 1271 1550 forte
1299 1509 1478 1559 recuses,

289 1583 365 1625 Bis
388 1584 503 1625 venit
524 1583 574 1623 ad
598 1582 837 1632 mulerram,
869 1581 991 1624 binos
1013 1580 1089 1626 alit
1113 1581 1234 1622 ubere
1257 1581 1414 1632 foetus,
1596 1595 1650 1638 30

292 1654 500 1710 Deponoz
537 1663 584 1697 tu
605 1655 690 1713 die,
722 1669 887 1695 mecum
910 1670 996 1709 quo
1017 1654 1192 1710 pignore
1213 1663 1360 1703 certes,

824 1726 1113 1769 MENALCAS.

291 1801 362 1846 De
383 1816 504 1858 grege
526 1816 612 1842 non
636 1800 763 1842 ausim
784 1800 1014 1856 quidquam
1037 1799 1241 1855 deponere
1262 1809 1418 1842 tecum.

292 1874 366 1918 Est
387 1876 490 1916 mihi
514 1890 695 1931 namque
715 1874 828 1916 dorni
851 1881 981 1928 pater,
1013 1872 1069 1913 est
1090 1873 1241 1929 injusta
1263 1887 1466 1917 novercat

292 1948 450 2004 Bisque
470 1948 536 1989 die
557 1958 781 1989 numerant
803 1947 924 1988 ambo
945 1961 1089 2001 pecus,
1123 1946 1227 1988 alter
1246 1959 1288 1989 et
1307 1949 1473 1989 haedos.

294 2021 456 2063 Verum
481 2022 540 2072 id,
567 2022 678 2077 quod
702 2021 838 2063 multo
859 2030 949 2062 tute
972 2020 1055 2074 ipse
1078 2020 1258 2060 fatebere
1279 2023 1433 2077 majus,
1594 2035 1648 2080 33

294 2093 481 2136 Insanire
502 2095 605 2136 libet
626 2096 827 2150 quoniam
853 2094 949 2144 tibi,
983 2093 1134 2147 pocula
1155 2106 1308 2146 ponam

294 2166 471 2225 Fagina‚
504 2167 711 2209 caelatum
731 2168 865 2209 divini
893 2181 999 2222 opus
1022 2166 1359 2209 Alcimedontis:

348 2292 411 2342 36.
443 2290 637 2344 Tostare]
667 2291 847 2347 Nothing
866 2305 934 2333 can
958 2293 1004 2336 be
1025 2293 1062 2338 so
1082 2291 1254 2344 satyrical
1275 2303 1312 2328 as
1334 2290 1407 2337 this
1428 2289 1520 2334 line.
1578 2293 1648 2334 All

296 2345 397 2382 these
410 2345 478 2383 R's
501 2347 650 2393 (witha
667 2340 869 2396 repetition
887 2346 971 2398 osst
991 2346 1210 2395 instridenti
1224 2343 1430 2394 &stipam
1453 2344 1567 2382 could
1583 2358 1650 2385 not

293 2410 435 2435 concur
453 2398 614 2436 without
636 2399 734 2436 some
753 2398 894 2450 defign.
954 2400 1099 2437 Milton
1127 2398 1295 2437 imitates
1325 2397 1399 2435 this
1427 2398 1579 2451 passage
1605 2399 1647 2438 in

294 2449 354 2490 his
378 2450 560 2487 beautiful
584 2464 693 2501 poem
715 2452 873 2489 entitled
894 2451 1071 2501 Lycidas,

454 2504 572 2541 Gra-„e
595 2517 640 2541 on
663 2505 760 2542 their
782 2504 948 2546 scrannel
965 2505 1072 2557 pipes
1091 2503 1139 2541 of
1150 2500 1337 2541 wretched
1354 2502 1472 2541 straw.

346 2559 409 2605 48.
440 2556 676 2607 Alcimedon]
709 2559 761 2594 As
783 2558 885 2594 there
907 2557 934 2593 is
956 2561 1004 2594 no
1023 2566 1185 2594 account
1204 2555 1275 2594 left
1295 2569 1337 2594 us
1356 2557 1483 2607 ofany
1501 2555 1650 2594 famous

295 2609 394 2644 artist
414 2609 534 2644 calle-l
564 2610 807 2654 Alcimedon,
848 2610 920 2647 Dr.
944 2610 1099 2659 Martyn
1127 2608 1314 2660 imagines
1343 2609 1425 2647 that
1454 2610 1502 2647 he
1527 2623 1602 2647 was
1627 2622 1650 2648 a
1707 2605 1710 2614 '

296 2659 421 2705 friend
451 2661 496 2697 of
518 2675 586 2698 our
614 2673 717 2712 poet,
748 2663 833 2709 who
854 2675 927 2699 was
958 2662 1142 2707 therefore
1163 2661 1314 2712 willing
1333 2672 1372 2700 to
1392 2662 1566 2700 transmit
1591 2661 1649 2714 his

298 2725 410 2749 name
432 2723 469 2749 to
489 2714 675 2763 poster-ity.
736 2715 790 2765 By
813 2715 867 2752 bis
892 2727 1018 2758 name,
1048 2715 1095 2752 he
1124 2727 1278 2764 appears
1310 2725 1349 2751 to
1377 2715 1472 2752 have
1502 2715 1596 2753 been
1626 2727 1651 2763 a
1679 2729 1686 2737 ·

299 2764 445 2802 Greek.
503 2766 604 2811 How
632 2767 765 2817 highly
796 2768 859 2804 the
885 2778 958 2804 arts
989 2767 1036 2804 of
1061 2765 1239 2819 painting
1263 2766 1338 2804 and
1368 2768 1526 2820 carving
1551 2780 1650 2805 were

295 2817 478 2858 esteemed
497 2817 537 2856 in
560 2818 722 2864 Greece,
749 2833 904 2876 appears
924 2819 1020 2867 from
1042 2819 1116 2859 this
1135 2833 1223 2871 very
1242 2819 1479 2866 remarkable
1498 2821 1648 2879 passage

1604 2885 1644 2913 1η
