1733 3076
340 108 426 167 316
578 102 628 149 P.
652 102 878 146 Vmcun'
899 100 1131 145 Manoms
1155 101 1432 148 Gnoncrcn.
1531 107 1631 152 Lib.
1652 123 1705 168 3.·

340 211 411 255 Ad
433 218 577 261 terras,
610 209 777 250 inmane
798 207 914 248 sonat
934 220 1004 261 per
1025 207 1137 257 saxa,
1168 220 1303 262 neque
1324 208 1411 263 ipso

337 282 495 327 Monte
516 281 652 322 minor
673 278 913 335 procumbit
931 293 941 319 ε
975 286 1018 320 at
1038 278 1123 319 ima
1141 278 1348 321 exaestuat
1370 281 1481 324 unda
1609 297 1700 340 240

337 354 602 404 verticibus,
635 352 885 409 nigramque
905 351 987 393 alte
1008 351 1209 408 subjecitat
1229 366 1407 394 arenam.

337 425 486 470 Omne
505 425 605 468 adeo
625 440 757 482 genus
781 426 826 467 in
846 425 963 467 terris
985 424 1288 479 hominumque
1309 426 1588 484 ferarumque,

337 496 399 543 Et
419 512 549 556 genus
569 512 840 555 aequoreum,
873 497 1068 553 pecude5‚
1101 497 1317 553 piaaeque
1337 499 1550 552 volucres,

335 570 391 615 In
411 572 541 615 furias
562 572 786 628 ignemque
806 579 951 619 ruunt.
1011 584 1125 612 amor
1144 571 1340 613 omnibus
1363 571 1486 613 idem.

338 636 557 701 Tempore
576 658 663 686 non
684 643 768 685 alio
788 642 1026 685 catulorum
1045 643 1180 685 oblita
1199 642 1342 686 leaena
1611 656 1694 702 245

340 717 512 761 Saevior
531 718 686 759 erravit
705 717 863 772 campis
880 730 891 755 t
924 729 1003 758 nec
1025 717 1172 758 funera
1190 715 1318 773 volgo

337 789 458 833 Tam
478 790 611 831 multa
630 789 828 847 informes
847 787 925 831 ursi
945 788 1202 846 stragemque
1222 789 1366 832 dedere

338 861 421 908 Per
439 861 572 905 silvas,
634 871 726 904 tum
749 863 889 905 saevus
910 878 1024 918 aper,
1046 872 1137 904 tum
1161 864 1325 917 pessima
1343 863 1479 921 tigris.

337 936 456 989 Heu,
487 936 593 979 male
614 944 705 977 tum
726 935 886 993 Libyae
907 936 1003 978 solis
1024 946 1183 978 erratur
1202 936 1247 979 in
1268 937 1391 995 agris.

337 1009 502 1054 Nonne
520 1010 650 1061 vides,
682 1018 731 1050 ut
751 1018 839 1051 tota
859 1018 1011 1051 tremor
1031 1018 1238 1063 pertentet
1258 1023 1465 1064 equorum
1610 1023 1634 1055 2
1638 1022 1695 1067 50

339 1082 547 1138 Corpora,
579 1082 608 1124 fi
628 1091 794 1123 tantum
816 1091 935 1124 notas
956 1082 1058 1123 odor
1078 1081 1231 1124 adtulit
1252 1096 1369 1124 auras
1387 1082 1402 1122 ?

339 1156 408 1199 Ac
430 1170 565 1211 neque
586 1168 654 1195 eos
670 1156 760 1211 jam
781 1155 899 1195 frena
917 1155 1072 1205 virum,
1105 1168 1242 1209 neque
1262 1155 1432 1197 verbera
1449 1155 1581 1207 saeva,

339 1227 448 1271 Non
470 1226 647 1282 scopuli,
678 1227 883 1282 rupesque
904 1241 1044 1278 cavae,
1077 1237 1201 1282 atque
1222 1227 1382 1284 objecta
1400 1227 1611 1277 retardant

339 1300 544 1345 Flumina
564 1310 776 1355 correptos
798 1300 910 1341 unda
931 1301 1170 1355 torquentia
1189 1301 1362 1341 montis.

339 1373 436 1430 Ipse
456 1375 559 1426 ruit,
591 1374 810 1428 dentisque
836 1372 1070 1414 Sabellicus
1090 1374 1257 1415 exacuit
1279 1374 1363 1424 sus,
1613 1385 1695 1430 255

339 1446 400 1491 Et
421 1447 521 1505 pede
543 1448 776 1503 prosubigit
797 1455 964 1497 terram,
998 1446 1121 1487 fricat
1142 1447 1287 1488 arbore
1310 1447 1439 1489 costas

340 1521 488 1579 Atque
508 1521 609 1562 hinc
630 1530 757 1576 atque
778 1519 920 1570 illine,
952 1519 1229 1575 humerosque
1250 1520 1299 1560 acl
1320 1519 1491 1562 volnera
1510 1521 1647 1562 durat.

340 1594 461 1651 Quid
478 1594 661 1652 juvenis,
694 1607 895 1649 magnum
915 1593 984 1634 cui
1005 1593 1138 1634 versat
1159 1594 1204 1635 in
1224 1594 1374 1635 offibus
1396 1594 1537 1649 ignem

341 1667 491 1712 Durus
511 1666 655 1710 amor?
689 1673 838 1720 nempe
858 1666 1047 1721 abruptis
1069 1667 1235 1708 turbata
1256 1667 1450 1721 procellis

340 1739 481 1782 'Nocte
502 1749 618 1782 natat
638 1754 758 1781 caeca
779 1739 888 1779 serus
910 1739 1013 1779 freta
1031 1753 1039 1779 :
1073 1754 1200 1793 quem
1223 1740 1340 1792 super
1361 1739 1507 1793 ingens
1610 1738 1694 1782 260

340 1812 467 1857 Porta
488 1821 606 1855 tonat
626 1812 749 1864 caeli,
780 1820 822 1853 et
843 1811 1022 1866 scopulis
1045 1811 1164 1852 inlisa
1183 1811 1412 1853 reclamant

342 1888 567 1942 Aequora3
599 1900 676 1927 nec
697 1885 832 1926 miseri
855 1881 1019 1937 possunt
1041 1896 1232 1922 revocare
1254 1890 1458 1936 parentes,

341 1932 438 2006 N}
460 1959 662 2000 moritura
682 1957 800 2012 super
820 1954 976 1997 crudeli
998 1955 1150 1995 funere*
1163 1954 1296 2010 virgo.

344 2030 493 2087 Qud?
527 2030 671 2087 lynces
693 2028 852 2072 Bacchi
873 2028 1026 2080 variae,
1056 2036 1098 2070 et
1116 2041 1249 2084 genus
1270 2040 1360 2068 acre
1380 2027 1594 2082 luporum,

345 2251 488 2330 biza-
637 2236 1148 2328 f]
1165 2232 1436 2339 5322321235
1449 2231 1696 2323 mat:

345 2343 498 2396 taining
516 2344 563 2382 of
584 2343 637 2382 all
666 2343 731 2380 the
762 2343 914 2381 ancient
943 2342 1170 2385 love-tales;
1200 2341 1265 2377 the
1299 2338 1477 2377 Musaeus
1511 2337 1596 2374 who
1629 2338 1697 2375 has
1727 2386 1729 2390 Ι

343 2397 497 2434 written
517 2409 565 2434 an
585 2396 739 2448 elegant
764 2409 875 2447 poem
894 2409 943 2433 on
964 2395 1038 2433 this
1065 2393 1222 2443 subject,
1252 2405 1325 2429 was
1356 2400 1422 2427 not
1451 2390 1514 2426 the
1544 2389 1698 2427 ancient

344 2449 525 2487 Musaeus
541 2464 553 2493 ς
583 2448 640 2487 for
659 2448 797 2486 several
816 2447 907 2485 false
927 2447 1092 2485 conceits
1112 2445 1187 2484 and
1208 2444 1403 2495 thoughts,
1433 2442 1558 2478 rather
1572 2452 1697 2492 pretty

345 2502 437 2540 than
458 2501 566 2546 solid,
597 2500 673 2539 and
693 2509 867 2551 contrary
887 2511 926 2539 to
942 2501 1006 2538 the
1026 2497 1230 2550 fimplicity
1255 2495 1301 2533 of
1323 2495 1386 2533 the
1403 2494 1510 2532 older
1530 2494 1697 2533 Grecian

344 2555 503 2600 writers,
532 2553 727 2604 evidently
756 2553 888 2604 betray
922 2553 986 2590 the
1023 2553 1119 2589 later
1154 2562 1224 2600 age
1259 2548 1306 2585 of
1344 2548 1408 2584 the
1446 2546 1566 2598 piece.
1627 2549 1697 2585 See

345 2607 436 2645 Vol.
461 2620 497 2656 3.
515 2607 560 2644 B.
582 2606 620 2645 6.
650 2606 706 2644 N.
727 2619 806 2644 ver.
834 2609 926 2657 928.
983 2604 1068 2642 'Tis
1086 2600 1305 2641 observable
1325 2599 1453 2651 Virgil
1474 2599 1592 2644 hints,
1614 2598 1697 2638 that

344 2658 408 2696 the
423 2659 544 2696 whole
564 2658 702 2709 species
718 2658 845 2696 would
863 2666 1073 2696 encounter
1092 2656 1154 2694 the
1171 2654 1269 2692 same
1290 2652 1360 2691 dan
1366 2665 1450 2703 gers
1470 2665 1507 2691 as
1527 2651 1704 2690 Leander

344 2710 410 2749 did
431 2711 488 2748 for
509 2711 571 2749 the
592 2710 678 2749 sake
702 2711 749 2749 ef
769 2711 869 2749 love.
