1733 3076
294 68 354 125 342
621 65 672 108 P.
724 61 1076 107 VIRGILII
1128 63 1324 108 VITA

294 171 410 214 Haec
428 185 514 222 nos,
547 170 768 228 Formosum
793 167 980 223 Corydon,
995 169 1161 210 ardebat
1181 167 1348 218 Alexin,
1381 168 1493 211 Haec
1521 170 1647 211 cadem

295 244 453 287 docuit:
484 244 625 285 Guium
639 252 779 297 pecus,
809 256 860 281 an
890 239 1080 296 Meliboei
1097 240 1120 280 ?
1152 239 1339 295 eclogam
1366 242 1585 282 secundam
1605 251 1648 282 et

294 318 461 360 tertiam
487 325 584 356 ante
615 313 808 368 quintam
843 311 962 353 fuiffe
997 312 1192 366 scriptam
1221 308 1405 367 apparet.
1466 313 1649 355 Videtur

296 399 436 432 autem
458 389 609 442 quinto
638 400 749 427 anno
781 397 863 441 712
895 383 1006 424 edita
1039 382 1142 435 effe,
1174 393 1219 425 vt
1249 399 1345 425 mox
1386 386 1645 437 videbimus,

295 472 342 504 vt
361 461 461 501 adeo
492 461 574 501 hoc
609 467 720 500 certe
756 472 866 498 anno
901 456 1084 497 anterior
1104 453 1151 496 sit
1173 456 1335 497 Alexis.
1397 456 1487 497 Iam
1509 468 1644 498 autem

295 535 513 578 Martinus
534 543 576 576 et
597 534 677 576 hoc
701 531 845 587 ponit,
879 529 1113 585 Virgilium
1136 527 1300 569 Caesari
1321 538 1470 570 notum
1501 529 1645 581 fuisse,

297 606 422 662 idque
457 606 567 647 haud
603 605 728 645 dubie
756 603 938 644 carmine
974 602 1142 657 aliquo,
1176 602 1287 656 quod
1325 602 1456 655 ipsum
1480 616 1645 642 carmen

295 678 437 720 Alexin
458 675 577 717 fuisse
599 675 858 729 suspicatur,
889 675 1072 729 adeoque
1094 675 1136 715 in
1158 675 1271 715 hunc
1293 689 1451 715 annum
1483 674 1651 724 reiicit3

296 750 485 806 sequenti
506 749 620 791 enim
647 762 759 789 anno
780 747 940 788 occisus
964 747 1047 790 fuit
1069 745 1234 787 Caesar.
1297 745 1446 796 Vides,
1482 755 1528 787 vt
1559 745 1644 786 sus-

292 824 407 879 picio
427 838 480 864 ex
506 821 737 875 suspicione
767 820 874 861 neffi
898 820 1038 860 soleat.
1101 818 1175 860 Est
1210 827 1348 860 tamen
1377 817 1566 874 Eclogae
1599 816 1644 859 II

291 911 390 937 cum
411 902 704 951 argumentum
725 901 813 933 tum
839 900 927 933 tota
949 892 1139 932 trariiatio
1154 923 1167 942 ,
1200 892 1313 948 quod
1335 891 1477 943 facile,
1501 890 1528 932 fi
1554 891 1647 931 sen—,

289 967 382 1010 sum
417 977 566 1017 tuum,
598 980 686 1008 non·
716 966 985 1020 opinionem,
1018 965 1190 1016 audias,
1221 964 1447 1017 eiusmodi,
1478 973 1524 1005 vt
1558 978 1643 1015 non

291 1039 440 1091 facile,
472 1037 548 1081 nisi
576 1038 622 1081 in
640 1037 822 1079 iuuenile
843 1039 1057 1094 ingenium
1074 1067 1088 1088 ,
1120 1038 1262 1080 cadere
1284 1038 1414 1092 postit-

834 1151 892 1192 V.
928 1152 981 1193 C.
1017 1165 1114 1208 710.
1144 1138 1147 1142 ⁴

573 1222 621 1267 C.
657 1225 783 1268 Iulius
814 1226 957 1282 Caffar
988 1225 1036 1269 V.
1103 1225 1174 1267 spl-
1210 1226 1415 1268 Antonias.

707 1315 747 1341 α.
783 1300 831 1340 C.
863 1313 933 1354 44.
970 1298 1138 1353 Virgilii
1163 1297 1228 1350 ἐξ.

342 1372 490 1414 Idibus
534 1371 709 1414 Martiis
760 1369 912 1413 Caesar
949 1372 1174 1413 occiditur.
1254 1370 1386 1412 Varia
1422 1370 1509 1425 post
1553 1372 1640 1412 eius

286 1453 465 1486 mortem
493 1445 708 1502 prodigia,
740 1445 931 1499 inprimis
970 1441 1041 1486 Sol
1080 1454 1170 1485 toto
1201 1457 1311 1486 anno
1348 1443 1556 1498 pallidior.
1598 1459 1639 1486 v.

284 1517 504 1560 Plutarch.
529 1517 653 1559 Caes.
680 1526 793 1559 extr.
850 1516 914 1558 Ea
934 1525 1234 1558 commemorat
1254 1514 1464 1572 Virgilius
1486 1512 1573 1556 Ge.
1600 1513 1640 1567 I,

283 1593 369 1646 466
403 1592 495 1647 sqq.
531 1592 601 1633 vbi
637 1591 695 1633 cf.
725 1600 815 1631 not.
851 1589 1059 1632 Oetauius
1092 1587 1336 1630 testamento
1370 1587 1555 1629 Caesaris
1588 1602 1642 1630 ex

286 1664 485 1705 dodrante
506 1663 624 1705 heres
647 1662 860 1705 institutus
880 1672 922 1703 et
953 1663 996 1703 in
1031 1661 1234 1702 familiam
1258 1659 1443 1702 Caesaris
1465 1674 1642 1702 nomen-

285 1751 368 1792 que
388 1737 610 1793 adoptatus
633 1736 868 1791 Apollonia
886 1735 1067 1776 Romam
1088 1734 1235 1785 rediit,
1268 1748 1365 1774 cum
1386 1745 1523 1774 autem
1544 1735 1640 1776 An·

286 1810 452 1851 tonium
481 1809 734 1865 iniquiorem
770 1808 813 1849 in
847 1808 883 1848 se
919 1807 995 1848 effe
1031 1807 1214 1857 videret,
1247 1806 1538 1860 Optimatibus
1562 1807 1642 1848 sese

286 1883 497 1925 adiunxit.
559 1881 842 1936 Apolloniae,
867 1895 973 1935 quae
1000 1879 1116 1933 Epiri
1140 1879 1234 1920 vrbs
1256 1879 1338 1931 est,
1371 1895 1455 1934 quo
1482 1894 1507 1920 a
1528 1878 1638 1921 Cae-

283 1957 367 1997 sare
392 1956 441 1996 ad
462 1955 638 1997 Parthos
660 1953 897 2009 profees’curo
918 1952 1156 2007 praemissus
1178 1954 1314 1994 fuerat
1329 1983 1343 2004 ,
1377 1953 1638 2006 substiterat,

283 2026 512 2084 studiisque
543 2036 776 2071 vacauerat.
841 2025 1014 2068 Sueton.
1041 2026 1198 2068 OStau.
1219 2042 1259 2067 c.
1277 2028 1320 2070 8..

819 2140 876 2181 V.
912 2139 972 2181 C..
1003 2155 1102 2197 711.

603 2215 650 2256 C.
686 2215 822 2257 Vibius
855 2215 1001 2272 Panfiz.
1064 2213 1115 2255 A.
1150 2214 1332 2255 Hirtius.

371 2289 418 2331 C.
454 2289 581 2331 Iulius
613 2273 758 2346 musar
790 2286 1048 2330 omnianus.
1111 2286 1170 2343 0⁶2³„-
1204 2286 1352 2328 Pedius
1369 2287 1546 2344 suffla-n.

708 2377 747 2404 α.
778 2361 825 2402 C.
848 2375 919 2416 43.
958 2358 1126 2414 Virgilii
1146 2360 1209 2408 {i-

339 2450 510 2492 Bellum
532 2450 804 2500 Mutinense,
838 2465 947 2504 quo,
980 2463 1077 2490 cum
1100 2437 1230 2489 totam
1265 2446 1457 2490 Galliam
1495 2446 1638 2489 Cisal«

281 2525 449 2580 pinam,
483 2533 575 2566 tum
613 2539 759 2581 agrum
786 2522 1102 2575 Mantuanum,
1135 2521 1317 2576 adeoque
1339 2519 1515 2577 Virgilii
1540 2521 1633 2576 poss·

283 2598 467 2639 seffiones
504 2598 619 2639 valde
650 2597 820 2638 afflietas
857 2594 972 2637 fuiss'e
1007 2593 1165 2635 necess'e
1199 2594 1268 2636 est.
1333 2593 1400 2637 Ex
1437 2593 1495 2635 V.
1528 2593 1630 2635 Kal.

282 2667 510 2723 Decembr.
533 2668 603 2714 M.
626 2668 837 2724 Lepidus,
871 2667 939 2709 M.
979 2668 1223 2721 Antonius,
1257 2667 1312 2710 C.
1351 2667 1502 2710 Caesar
1537 2666 1631 2710 Oe-

1440 2751 1633 2786 tauianus
