1733 3076
899 64 1170 131 [30]

391 572 462 634 P.
516 572 903 632 VIRG-ILII
957 573 1368 633 MARONIS
1419 575 1640 642 VITA

587 688 730 737 PER
776 689 1036 738 ANNos
1087 691 1431 739 DIGESTA.

664 930 722 971 V.
748 929 801 972 C.
826 929 949 973 Varr.
973 932 1070 986 684.
1134 930 1231 973 Cat.
1255 932 1352 976 682.

438 1019 510 1063 M
536 1020 714 1062 Licinius
736 1020 905 1076 Craffus.
958 1020 1031 1061 Cn.
1054 1018 1258 1076 Pompeius
1280 1020 1459 1076 Magnus
1482 1022 1581 1078 Cqffi

761 1108 799 1133 a.
829 1093 876 1133 G.
904 1105 971 1148 70.
1034 1091 1200 1146 Virgilii
1230 1094 1266 1134 J.

469 1197 503 1237 is
540 1195 651 1237 Coss‘.
685 1206 725 1236 et
755 1195 923 1250 quidem
954 1194 1099 1237 Idibus
1123 1193 1398 1246 Offikohribus,
1429 1203 1576 1236 natum
1603 1196 1682 1238 effe

498 1269 731 1326 Virgilium
757 1268 925 1309 tradunt
948 1269 997 1308 ad
1025 1283 1155 1309 vnum
1176 1283 1334 1309 omnes.
1397 1266 1683 1310 Consentiunt
1729 1292 1733 1324 g

335 1352 378 1383 et
399 1344 441 1384 in
463 1345 541 1384 hoc
555 1374 567 1394 ‚
593 1343 753 1393 Andes,
775 1342 862 1398 agri
884 1339 1110 1381 Mantuani
1131 1341 1299 1391 vicum,
1330 1340 1367 1381 ei
1389 1341 1526 1381 natale
1547 1341 1682 1384 solum
1732 1386 1733 1390 ,

335 1416 467 1456 fuisse.
528 1414 598 1457 De
622 1424 735 1470 patre
759 1416 930 1469 eiusque
962 1414 1131 1454 nomine
1162 1423 1209 1455 vt
1243 1422 1285 1454 et
1307 1412 1357 1453 de
1389 1422 1517 1454 matre
1548 1413 1682 1456 multa

332 1489 545 1542 ineptiunt
581 1485 878 1529 Grammatici.
947 1483 1112 1526 Patrem
1153 1484 1387 1541 Virgilium
1424 1484 1676 1538 Maronem,
1731 1489 1733 1496 ⁴

333 1570 505 1600 matrem
529 1558 690 1600 Maiam
709 1558 824 1600 fuiffe
851 1557 1031 1599 dubitari
1052 1558 1212 1613 nequit.
1274 1556 1447 1598 Nomen
1467 1566 1508 1598 et
1529 1557 1678 1614 Virgi-

336 1631 420 1673 lius
441 1642 482 1672 et
502 1631 718 1688 Vergilius
743 1631 950 1672 scribitur.
1015 1629 1092 1670 Sed
1116 1629 1326 1671 videamus
1348 1630 1395 1670 de
1412 1629 1597 1685 singulis.

393 1703 505 1745 Coff.
540 1704 728 1745 laudatos
759 1718 844 1745 non
884 1702 1009 1742 modo
1040 1700 1376 1743 Pseudodonatus
1411 1701 1556 1742 diserte
1590 1717 1676 1743 me-

329 1786 489 1827 morat,
520 1786 562 1816 et
583 1775 743 1816 Phocas
764 1791 803 1817 v.
828 1788 897 1818 20.
922 1789 991 1818 21.
1015 1789 1159 1816 verum
1182 1775 1307 1814 etiam
1329 1772 1612 1830 Hieronymus
1632 1775 1677 1816 in

330 1847 534 1890 Chronic.
569 1847 718 1888 Euseb.
743 1863 783 1901 p.
812 1860 907 1901 151.
928 1856 970 1887 et
991 1862 1031 1901 p.
1054 1860 1124 1900 40.
1150 1846 1239 1901 (ed.
1268 1846 1415 1900 1658.)
1484 1846 1676 1901 Virgilius

330 1921 455 1962 Maro
476 1922 516 1961 in
530 1931 654 1976 pago,
686 1920 752 1974 qui
772 1919 898 1960 Andes
918 1919 1089 1969 dicitur,
1121 1919 1228 1960 haud
1253 1919 1390 1974 procul
1416 1935 1440 1961 α
1471 1919 1675 1971 Mantua,

328 1995 524 2051 nascitur,
557 1993 731 2048 Pompeio
753 2001 788 2032 et
809 1991 940 2048 erffii
969 1992 1066 2047 Coff
1097 1993 1154 2032 cf.
1193 1992 1348 2047 Scalig.
1379 1993 1607 2034 Animadu.
1632 2007 1672 2048 p.

331 2079 409 2120 152
432 2067 473 2107 b.
535 2066 650 2107 Nam
673 2063 838 2106 Graeca
858 2063 1111 2117 respicienda
1131 2079 1216 2105 non
1239 2066 1359 2116 sunt,
1392 2064 1434 2105 in
1457 2065 1609 2119 quibus
1631 2080 1672 2119 p.

327 2151 408 2194 259
441 2139 626 2193 sequenti
648 2154 760 2180 anno
793 2138 1047 2192 adscriptum
1078 2136 1155 2178 est:
1190 2135 1530 2188 Βιξγῖλιοςέγεννῆθη.
1563 2136 1672 2192 quod
1728 2187 1733 2197 .

323 2210 430 2251 idern
453 2211 681 2265 sequuntur
703 2210 948 2252 Chronicon
969 2208 1164 2250 Paschale
1179 2210 1207 2249 s.
1232 2208 1341 2250 Fasti
1365 2208 1496 2250 Siculi
1519 2226 1558 2264 p.
1576 2211 1670 2264 184.

325 2282 378 2323 C.
414 2281 572 2323 Idatius
613 2282 743 2323 Fastis
792 2280 1013 2322 Consular.
1055 2297 1092 2323 a.
1135 2283 1233 2336 685.
1323 2281 1449 2336 Apud
1492 2281 1670 2322 eundem
1727 2331 1733 2342 1

325 2354 628 2411 Hieronymum
649 2355 698 2395 ad
721 2353 899 2411 Olymp.
937 2368 1014 2411 177
1029 2386 1042 2406 ,
1077 2370 1116 2411 3.
1140 2355 1174 2395 is
1195 2368 1329 2394 annus
1352 2354 1459 2394 reste
1476 2355 1668 2396 refertur.
1731 2390 1733 2394 ⁴

321 2425 509 2482 Phlegon
548 2427 795 2468 Trallianus
837 2429 879 2467 in
917 2426 1243 2484 Olympicorum
1278 2437 1319 2468 et
1354 2425 1668 2468 Chronicorum

321 2498 565 2538 collecf'tione
587 2499 692 2552 apud
721 2498 920 2541 Photium
941 2500 1147 2541 B'sblioth.
1172 2498 1369 2542 XCVII.
1390 2514 1429 2553 p.
1455 2500 1563 2554 267‚
1596 2511 1664 2554 25.

319 2569 385 2609 ed.
385 2569 660 2680 oRothomag.
681 2571 749 2611 vbi
771 2572 819 2611 de
837 2571 1013 2629 Olymp.
1038 2587 1141 2629 177,
1176 2589 1215 2629 3
1249 2573 1306 2611 καὶ
1327 2573 1386 2610 Οὖι
1359 2573 1476 2623 υιῑιξγλ
1481 2572 1667 2623 οςΜάξωι,

458 2660 506 2685 η,ς
526 2646 591 2688 {syr
595 2641 672 2682 w'JSn
655 2642 840 2682 ητέτετέ
880 2662 951 2690 τες,
984 2644 1174 2688 i'amclq’om
1153 2647 1323 2696 τωῖβςαις.

356 2659 503 2751 7ΜΛητιῖσς
525 2709 806 2765 Hieronymus
831 2712 914 2753 1.1.
940 2721 982 2753 et
1004 2711 1203 2754 Donatus
1231 2711 1387 2766 aliique
1417 2720 1664 2753 memorant.
1732 2762 1733 2767 ¹

1512 2783 1665 2826 Andino
1715 2778 1727 2786 ”
