1733 3076
274 88 362 143 382
519 81 568 126 P.
585 83 811 126 Vmcun
832 79 1065 127 MARoms
1091 81 1365 133 Gsoae‘m.
1471 92 1571 136 Lib.
1583 100 1640 150 aa·

282 187 392 230 Ibat.
452 202 547 230 eum
567 187 665 228 vasti
688 187 847 228 circum
869 202 971 243 gens
992 186 1163 229 humida
1183 193 1304 244 ponti
1545 211 1638 256 43⁹

281 257 510 305 Exsulta-ns
531 274 664 301 rorem
686 259 767 300 late
788 260 984 317 dispergit
1005 274 1208 303 amarum.

283 334 485 376 Sternunt
506 334 542 374 se
564 333 708 374 somno
729 332 905 375 diversae
927 334 970 374 in
991 334 1113 375 litore
1136 335 1314 389 phocae-v
1389 353 1393 359 ·

279 406 391 461 Ipse,
421 406 537 448 velut
557 404 705 447 stabuli
727 404 862 446 custos
885 406 929 447 In
950 407 1165 448 montibus
1186 408 1307 460 olim,

278 479 437 534 Vesper
457 479 529 521 ubi
549 494 571 520 e
591 478 705 534 pastu
725 478 884 520 vitulos
904 477 953 518 ad
975 479 1083 519 tee‘ffl
1103 479 1283 532 reducit,
1470 534 1473 537 ,

273 553 532 608 Auditisque
552 553 854 607 luposacuunt
874 549 1082 591 balatibus
1104 552 1220 607 agni,
1546 563 1636 615 435

277 626 472 670 confidit
491 626 664 680 scopulo
685 625 862 674 medius,
894 638 1200 679 numerumque
1219 625 1401 668 recenset
1419 640 1431 668 :

277 698 417 757 Cujus
439 699 627 741 Aristaeo
649 698 850 754 quoniam
869 695 927 736 est
947 696 1088 738 oblata
1109 697 1287 739 facultas
1302 718 1320 749 ς

274 771 367 813 Vix
386 770 536 813 defeffa
556 771 690 812 senem
711 769 844 826 paffus
865 783 1101 826 con-ponere
1121 772 1329 823 membra,

273 842 391 886 Cum
411 842 590 886 clamore
610 843 697 884 ruit
718 857 888 899 magno,
919 843 1176 899 manicisque
1191 846 1405 902 jacentem*

272 913 492 969 Occupat.
554 914 625 955 ille
646 914 739 956 suae
760 925 907 958 contra
926 931 1012 958 non
1028 917 1234 959 inmemor
1254 920 1370 970 artis,
1542 933 1630 976 440

274 987 440 1032 Omnia
459 988 726 1030 transformat
748 989 827 1031 sese
847 990 891 1030 in
912 990 1115 1032 miracula
1130 1006 1288 1043 rerum,

270 1059 524 1117 Ignemque,
555 1060 882 1117 horribilemque
903 1062 1052 1114 feram,
1083 1063 1342 1120 fluviumque
1363 1065 1633 1121 liquentem„

272 1131 454 1183 Verum,
487 1132 560 1173 ubi
581 1132 699 1173 nulla
720 1133 864 1188 fugam
885 1136 1034 1189 reperit
1056 1137 1250 1190 pellacia,
1282 1138 1416 1180 videus

272 1203 328 1247 In
349 1206 428 1248 sese
448 1205 573 1256 redit,
603 1213 729 1260 atque
750 1207 931 1248 hominis
952 1206 1121 1248 tandem
1141 1223 1210 1249 ore
1231 1209 1399 1253 locutus
1417 1226 1429 1252 z

266 1277 388 1323 Nam
410 1279 506 1335 quis
527 1289 584 1330 te,
610 1280 818 1337 juvenum
836 1279 1194 1333 confidentiffime‚
1227 1282 1383 1324 nostras
1539 1299 1627 1343 4435

272 1351 397 1407 Jussit
417 1352 527 1394 adire
547 1352 694 1395 domos
714 1351 729 1394 ?
763 1353 917 1408 quidve
938 1354 1038 1395 hinc
1060 1355 1165 1408 petis
1185 1353 1200 1396 ?
1242 1356 1397 1412 inquit.
1458 1366 1501 1399 at
1523 1360 1593 1401 ille
1610 1375 1626 1405 2

269 1424 381 1478 Scis,
414 1425 584 1478 Protea,
617 1427 693 1469 scis
715 1427 823 1484 ipse:
857 1442 993 1482 neque
1012 1427 1068 1467 est
1089 1436 1129 1468 te
1151 1428 1293 1470 fallere
1309 1430 1524 1488 cuiquam3

271 1497 351 1540 Sed
373 1508 420 1541 tu
441 1499 576 1541 desine
595 1499 717 1541 velle.
778 1498 900 1540 deum
923 1509 1141 1555 praecepta
1161 1501 1288 1543 secuti

269 1571 479 1615 Venimus
500 1574 601 1615 hinc
621 1572 741 1616 labfis
763 1571 994 1629 quaesitum
1014 1573 1184 1615 oracula
1202 1575 1341 1617 rebus.

267 1644 466 1688 Tantum
486 1645 652 1698 effatus,
684 1645 734 1687 ad
757 1646 857 1686 haec
879 1655 991 1688 vates
1011 1647 1053 1688 vi
1074 1647 1253 1703 denique
1273 1648 1405 1691 mul-ta
1537 1662 1628 1707 450

269 1719 472 1762 Ardentis
490 1720 637 1760 oculos
659 1717 821 1759 intorsit
841 1717 1002 1761 lumine
1021 1719 1190 1776 glauco,
1604 1714 1610 1722 ⁴

268 1790 331 1834 Et
351 1792 529 1848 graviter
550 1791 762 1842 frendens,
794 1789 848 1832 fic
871 1792 965 1834 fatis
986 1807 1056 1833 ora
1076 1794 1268 1838 resolvit:

265 1863 373 1906 Non
395 1873 435 1905 te
455 1863 615 1906 nullius
635 1872 832 1906 exercent
851 1865 1038 1906 numinis
1059 1866 1156 1907 irae.

267 1936 432 1994 Magna
451 1936 533 1978 luis
554 1936 778 1979 conmissa:
807 1924 892 1980 'tibi
915 1939 988 1980 has
1008 1940 1254 1981 miserabilis
1278 1939 1477 1997 Orpheus

265 2010 603 2068 Haudquaquam
623 2013 676 2053 ob
699 2003 895 2054 meritiim
915 2028 1087 2068 poenas,
1117 2014 1162 2055 ni
1184 2015 1268 2055 fata
1287 2014 1485 2068 resistant,
1533 2029 1622 2075 455.

266 2078 446 2128 Suscitat
462 2104 476 2137 3
507 2094 549 2127 et
569 2094 686 2140 rapta
705 2083 884 2142 graviter
904 2100 980 2140 pro
1000 2086 1181 2144 conjuge
1202 2088 1343 2130 saevit.

319 2246 408 2286 509.
431 2235 582 2285 Spray.]
599 2233 699 2272 ·The
719 2231 986 2273 circumstance
1016 2209 1066 2274 of
1085 2233 1186 2273 these
1211 2236 1391 2274 monsters
1417 2235 1621 2289 scattering

261 2285 515 2391 gig-{gssgof
536 2288 601 2326 the
620 2284 816 2326 seaeabout
835 2287 955 2333 them,
976 2287 1126 2341 greatly
1143 2287 1315 2327 enl'ivens
1335 2288 1408 2328 this
1429 2288 1617 2328 beautiful

262 2406 335 2481 m?
347 2391 1618 2499 ὲῑιεξῑῖῖςεῑῖίαῗέωῖςξὲῑὲ,ξὲῑξῖῑὲἴῐὶἓὲοτξὲῐῖὴῖξῗζῑιῑ

261 2497 311 2534 of
332 2498 396 2535 the
414 2499 611 2549 ffiepherd,
639 2501 680 2539 in
700 2503 757 2542 his
784 2514 894 2554 copy.
950 2502 1062 2554 Lupos
1079 2510 1207 2539 acuunt
1223 2498 1255 2540 is
1272 2498 1525 2551 wonderfull'y
1548 2511 1618 2539 ex‹

262 2551 430 2601 preffive,
459 2552 534 2590 and
554 2553 666 2594 ssxort.
